
@article{nunnally_place_1960,
	title = {The place of statistics in psychology},
	volume = {20},
	pages = {641--650},
	number = {4},
	journaltitle = {Educational and Psychological Measurement},
	author = {Nunnally, Jum},
	date = {1960},
}

@article{nunnally_place_1960-1,
	title = {The place of statistics in psychology},
	volume = {20},
	pages = {641--650},
	number = {4},
	journaltitle = {Educational and Psychological Measurement},
	author = {Nunnally, Jum},
	date = {1960},
}

@article{hoekstra_are_2012,
	title = {Are assumptions of well-known statistical techniques checked, and why (not)?},
	volume = {3},
	pages = {137},
	journaltitle = {Frontiers in psychology},
	author = {Hoekstra, Rink and Kiers, Henk and Johnson, Addie},
	date = {2012},
}

@article{sharpe_why_2013,
	title = {Why the resistance to statistical innovations? Bridging the communication gap.},
	volume = {18},
	shorttitle = {Why the resistance to statistical innovations?},
	pages = {572},
	number = {4},
	journaltitle = {Psychological methods},
	author = {Sharpe, Donald},
	date = {2013},
}

@article{aiken_doctoral_2008,
	title = {Doctoral training in statistics, measurement, and methodology in psychology: Replication and extension of Aiken, West, Sechrest, and Reno's (1990) survey of {PhD} programs in North America.},
	volume = {63},
	shorttitle = {Doctoral training in statistics, measurement, and methodology in psychology},
	pages = {32},
	number = {1},
	journaltitle = {American Psychologist},
	author = {Aiken, Leona S. and West, Stephen G. and Millsap, Roger E.},
	date = {2008},
}

@article{keselman_statistical_1998,
	title = {Statistical practices of educational researchers: An analysis of their {ANOVA}, {MANOVA}, and {ANCOVA} analyses},
	volume = {68},
	shorttitle = {Statistical practices of educational researchers},
	pages = {350--386},
	number = {3},
	journaltitle = {Review of educational research},
	author = {Keselman, Harvey J. and Huberty, Carl J. and Lix, Lisa M. and Olejnik, Stephen and Cribbie, Robert A. and Donahue, Barbara and Kowalchuk, Rhonda K. and Lowman, Laureen L. and Petoskey, Martha D. and Keselman, Joanne C.},
	date = {1998},
}

@article{golinski_expanding_2009,
	title = {The expanding role of quantitative methodologists in advancing psychology.},
	volume = {50},
	pages = {83},
	number = {2},
	journaltitle = {Canadian Psychology/Psychologie canadienne},
	author = {Golinski, Caroline and Cribbie, Robert A.},
	date = {2009},
}

@article{delacre_taking_2019,
	title = {Taking parametric assumptions seriously: Arguments for the use of Welch’s F-test instead of the classical F-test in one-way {ANOVA}},
	volume = {32},
	shorttitle = {Taking parametric assumptions seriously},
	number = {1},
	journaltitle = {International Review of Social Psychology},
	author = {Delacre, Marie and Leys, Christophe and Mora, Youri L. and Lakens, Daniël},
	date = {2019},
}

@article{delacre_why_2017,
	title = {Why psychologists should by default use Welch’s t-test instead of Student’s t-test},
	volume = {30},
	number = {1},
	journaltitle = {International Review of Social Psychology},
	author = {Delacre, Marie and Lakens, Daniël and Leys, Christophe},
	date = {2017},
}

@article{mills_quantitative_2010,
	title = {Quantitative methodology research: Is it on psychologists’ reading lists?},
	shorttitle = {Quantitative methodology research},
	author = {Mills, Laura and Abdulla, Eva and Cribbie, Robert},
	date = {2010},
}

@book{howitt_understanding_2017,
	title = {Understanding statistics in psychology with {SPSS}},
	publisher = {Pearson London, {UK}:},
	author = {Howitt, Dennis and Cramer, Duncan},
	date = {2017},
}

@book{everitt_statistics_2001,
	title = {Statistics for psychologists: An intermediate course},
	shorttitle = {Statistics for psychologists},
	publisher = {Psychology Press},
	author = {Everitt, Brian S.},
	date = {2001},
}

@book{haslam_research_2014,
	title = {Research methods and statistics in psychology},
	publisher = {Sage},
	author = {Haslam, S. Alexander and {McGarty}, Craig},
	date = {2014},
}

@book{howitt_introduction_2007,
	title = {Introduction to statistics in psychology},
	publisher = {Pearson education},
	author = {Howitt, Dennis and Cramer, Duncan},
	date = {2007},
}

@article{counsell_reporting_2017,
	title = {Reporting practices and use of quantitative methods in Canadian journal articles in psychology.},
	volume = {58},
	pages = {140},
	number = {2},
	journaltitle = {Canadian Psychology/psychologie canadienne},
	author = {Counsell, Alyssa and Harlow, Lisa},
	date = {2017},
}

@article{lakens_practical_2021,
	title = {The practical alternative to the p value is the correctly used p value},
	volume = {16},
	pages = {639--648},
	number = {3},
	journaltitle = {Perspectives on psychological science},
	author = {Lakens, Daniël},
	date = {2021},
}

@article{erceg-hurn_modern_2008,
	title = {Modern robust statistical methods: an easy way to maximize the accuracy and power of your research.},
	volume = {63},
	shorttitle = {Modern robust statistical methods},
	pages = {591},
	number = {7},
	journaltitle = {American Psychologist},
	author = {Erceg-Hurn, David M. and Mirosevich, Vikki M.},
	date = {2008},
}

@article{byrne_status_1996,
	title = {The status and role of quantitative methods in psychology: Past, present, and future perspectives.},
	volume = {37},
	shorttitle = {The status and role of quantitative methods in psychology},
	pages = {76},
	number = {2},
	journaltitle = {Canadian Psychology/Psychologie canadienne},
	author = {Byrne, Barbara M.},
	date = {1996},
}

@article{henson_methodology_2010,
	title = {Methodology in our education research culture: Toward a stronger collective quantitative proficiency},
	volume = {39},
	shorttitle = {Methodology in our education research culture},
	pages = {229--240},
	number = {3},
	journaltitle = {Educational Researcher},
	author = {Henson, Robin K. and Hull, Darrell M. and Williams, Cynthia S.},
	date = {2010},
}

@article{curtis_training_1998,
	title = {Training doctoral students in educational statistics in the United States: A national survey},
	volume = {6},
	shorttitle = {Training doctoral students in educational statistics in the United States},
	number = {1},
	journaltitle = {Journal of Statistics Education},
	author = {Curtis, Deborah A. and Harwell, Michael},
	date = {1998},
}

@article{meehl_appraising_1990,
	title = {Appraising and amending theories: The strategy of Lakatosian defense and two principles that warrant it},
	volume = {1},
	shorttitle = {Appraising and amending theories},
	pages = {108--141},
	number = {2},
	journaltitle = {Psychological inquiry},
	author = {Meehl, Paul E.},
	date = {1990},
}

@article{steyn_practical_2000,
	title = {Practical significance of the difference in means},
	volume = {26},
	pages = {1--3},
	number = {3},
	journaltitle = {{SA} journal of industrial psychology},
	author = {Steyn, H. S.},
	date = {2000},
}

@article{osborne_four_2002,
	title = {Four assumptions of multiple regression that researchers should always test},
	volume = {8},
	pages = {2},
	number = {1},
	journaltitle = {Practical assessment, research, and evaluation},
	author = {Osborne, Jason W. and Waters, Elaine},
	date = {2002},
}

@article{osborne_normality_2013,
	title = {Normality of residuals is a continuous variable, and does seem to influence the trustworthiness of confidence intervals: A response to, and appreciation of, Williams, Grajales, and Kurkiewicz (2013)},
	volume = {18},
	shorttitle = {Normality of residuals is a continuous variable, and does seem to influence the trustworthiness of confidence intervals},
	pages = {12},
	number = {1},
	journaltitle = {Practical Assessment, Research, and Evaluation},
	author = {Osborne, Jason W.},
	date = {2013},
}

@article{osborne_educational_2001,
	title = {Educational Psychology from a Statistician's Perspective: A Review of the Quantitative Quality of Our Field.},
	shorttitle = {Educational Psychology from a Statistician's Perspective},
	author = {Osborne, Jason W. and Christianson, William R.},
	date = {2001},
}

@article{student_probable_1908,
	title = {The probable error of a mean},
	pages = {1--25},
	journaltitle = {Biometrika},
	author = {{Student}},
	date = {1908},
}

@book{field_discovering_2013,
	title = {Discovering statistics using {IBM} {SPSS} statistics},
	publisher = {sage},
	author = {Field, Andy},
	date = {2013},
}

@article{cain_univariate_2017,
	title = {Univariate and multivariate skewness and kurtosis for measuring nonnormality: Prevalence, influence and estimation},
	volume = {49},
	shorttitle = {Univariate and multivariate skewness and kurtosis for measuring nonnormality},
	pages = {1716--1735},
	number = {5},
	journaltitle = {Behavior research methods},
	author = {Cain, Meghan K. and Zhang, Zhiyong and Yuan, Ke-Hai},
	date = {2017},
}

@article{micceri_unicorn_1989,
	title = {The unicorn, the normal curve, and other improbable creatures.},
	volume = {105},
	pages = {156},
	number = {1},
	journaltitle = {Psychological bulletin},
	author = {Micceri, Theodore},
	date = {1989},
}

@article{yuan_structural_2004,
	title = {Structural equation modeling with heavy tailed distributions},
	volume = {69},
	pages = {421--436},
	number = {3},
	journaltitle = {Psychometrika},
	author = {Yuan, Ke-Hai and Bentler, Peter M. and Chan, Wai},
	date = {2004},
}

@article{grissom_heterogeneity_2000,
	title = {Heterogeneity of variance in clinical data.},
	volume = {68},
	pages = {155},
	number = {1},
	journaltitle = {Journal of consulting and clinical psychology},
	author = {Grissom, Robert J.},
	date = {2000},
}

@article{schucany_preliminary_2006,
	title = {Preliminary goodness-of-fit tests for normality do not validate the one-sample Student t},
	volume = {35},
	pages = {2275--2286},
	number = {12},
	journaltitle = {Communications in Statistics-Theory and Methods},
	author = {Schucany, William R. and Tony Ng, H. K.},
	date = {2006},
}

@article{glass_consequences_1972,
	title = {Consequences of failure to meet assumptions underlying the fixed effects analyses of variance and covariance},
	volume = {42},
	pages = {237--288},
	number = {3},
	journaltitle = {Review of educational research},
	author = {Glass, Gene V. and Peckham, Percy D. and Sanders, James R.},
	date = {1972},
}

@article{harwell_summarizing_1992,
	title = {Summarizing Monte Carlo results in methodological research},
	volume = {17},
	pages = {297--313},
	number = {4},
	journaltitle = {Journal of Educational Statistics},
	author = {Harwell, Michael R.},
	date = {1992},
}

@article{tiku_power_1971,
	title = {Power function of the F-test under non-normal situations},
	volume = {66},
	pages = {913--916},
	number = {336},
	journaltitle = {Journal of the American Statistical Association},
	author = {Tiku, Moti Lal},
	date = {1971},
}

@article{david_effect_1951,
	title = {The effect of non-normality on the power function of the F-test in the analysis of variance},
	volume = {38},
	pages = {43--57},
	number = {1},
	journaltitle = {Biometrika},
	author = {David, Florence N. and Johnson, N. L.},
	date = {1951},
}

@article{srivastava_effect_1959,
	title = {Effect of non-normality on the power of the analysis of variance test},
	volume = {46},
	pages = {114--122},
	number = {1},
	journaltitle = {Biometrika},
	author = {Srivastava, A. B. L.},
	date = {1959},
}

@article{wilcox_how_1998,
	title = {How many discoveries have been lost by ignoring modern statistical methods?},
	volume = {53},
	pages = {300},
	number = {3},
	journaltitle = {American Psychologist},
	author = {Wilcox, Rand R.},
	date = {1998},
}

@article{ruxton_unequal_2006,
	title = {The unequal variance t-test is an underused alternative to Student's t-test and the Mann–Whitney U test},
	volume = {17},
	pages = {688--690},
	number = {4},
	journaltitle = {Behavioral Ecology},
	author = {Ruxton, Graeme D.},
	date = {2006},
}

@article{rasch_two-sample_2011,
	title = {The two-sample t test: pre-testing its assumptions does not pay off},
	volume = {52},
	shorttitle = {The two-sample t test},
	pages = {219--231},
	number = {1},
	journaltitle = {Statistical papers},
	author = {Rasch, Dieter and Kubinger, Klaus D. and Moder, Karl},
	date = {2011},
}

@article{rasch_two-sample_2011-1,
	title = {The two-sample t test: pre-testing its assumptions does not pay off},
	volume = {52},
	shorttitle = {The two-sample t test},
	pages = {219--231},
	number = {1},
	journaltitle = {Statistical papers},
	author = {Rasch, Dieter and Kubinger, Klaus D. and Moder, Karl},
	date = {2011},
}

@article{zimmerman_note_2004,
	title = {A note on preliminary tests of equality of variances},
	volume = {57},
	pages = {173--181},
	number = {1},
	journaltitle = {British Journal of Mathematical and Statistical Psychology},
	author = {Zimmerman, Donald W.},
	date = {2004},
}

@article{duran_standards_2006,
	title = {Standards for reporting on empirical social science research in {AERA} publications: American Educational Research Association},
	volume = {35},
	shorttitle = {Standards for reporting on empirical social science research in {AERA} publications},
	pages = {33--40},
	number = {6},
	journaltitle = {Educational Researcher},
	author = {Duran, Richard P. and Eisenhart, Margaret A. and Erickson, Frederick D. and Grant, Carl A. and Green, Judith L. and Hedges, Larry V. and Schneider, B. L.},
	date = {2006},
}

@article{decleene_publication_2012,
	title = {Publication Manual of the American Psychological Association},
	volume = {26},
	pages = {90--92},
	number = {1},
	journaltitle = {Occupational therapy in health care},
	author = {{DeCleene}, Kate E. and Fogo, Jennifer},
	date = {2012},
}

@article{tomczak_need_2014,
	title = {The need to report effect size estimates revisited. An overview of some recommended measures of effect size.},
	volume = {21},
	number = {1},
	journaltitle = {Trends in Sport Sciences},
	author = {Tomczak, Maciej and Tomczak, Ewa},
	date = {2014},
}

@article{noauthor_notitle_nodate,
}

@article{la_greca_diversity_2005,
	title = {Diversity and Culture},
	volume = {73},
	pages = {3--5},
	number = {1},
	journaltitle = {Journal of Consulting and Clinical Psychology},
	author = {La Greca, Annette M.},
	date = {2005},
}

@article{rao_editorial_2008,
	title = {Editorial.},
	volume = {22},
	issn = {1931-1559, 0894-4105},
	url = {http://doi.apa.org/getdoi.cfm?doi=10.1037/0894-4105.22.1.1},
	doi = {10.1037/0894-4105.22.1.1},
	pages = {1--2},
	number = {1},
	journaltitle = {Neuropsychology},
	shortjournal = {Neuropsychology},
	editor = {Rao, Stephen M. and Fein, Deborah A. and Seidman, Larry J. and Tranel, Daniel},
	urldate = {2021-06-02},
	date = {2008},
}

@article{cumming_statistical_2012,
	title = {The statistical recommendations of the American Psychological Association Publication Manual: Effect sizes, confidence intervals, and meta-analysis},
	volume = {64},
	shorttitle = {The statistical recommendations of the American Psychological Association Publication Manual},
	pages = {138--146},
	number = {3},
	journaltitle = {Australian Journal of Psychology},
	author = {Cumming, Geoff and Fidler, Fiona and Kalinowski, Pav and Lai, Jerry},
	date = {2012},
}

@article{pek_reporting_2018,
	title = {Reporting effect sizes in original psychological research: A discussion and tutorial.},
	volume = {23},
	shorttitle = {Reporting effect sizes in original psychological research},
	pages = {208},
	number = {2},
	journaltitle = {Psychological methods},
	author = {Pek, Jolynn and Flora, David B.},
	date = {2018},
}

@article{textbackslashatextbackslashmerican_textbackslashetextbackslashducational_textbackslashrtextbackslashesearch_textbackslashatextbackslashssociationtextbackslash_standards_2006,
	title = {Standards for reporting on empirical social science research in \{{AERA}\} publications},
	volume = {35},
	doi = {10.3102/0013189X035006033},
	pages = {33--40},
	journaltitle = {\{E\}ducational \{R\}esearcher},
	author = {\{{\textbackslash}textbackslash\}textbackslash{\textbackslash}\{A\{{\textbackslash}textbackslash\}textbackslash{\textbackslash}\}merican \{{\textbackslash}textbackslash\}textbackslash{\textbackslash}\{E\{{\textbackslash}textbackslash\}textbackslash{\textbackslash}\}ducational \{{\textbackslash}textbackslash\}textbackslash{\textbackslash}\{R\{{\textbackslash}textbackslash\}textbackslash{\textbackslash}\}esearch \{{\textbackslash}textbackslash\}textbackslash{\textbackslash}\{A\{{\textbackslash}textbackslash\}textbackslash{\textbackslash}\}ssociation\{{\textbackslash}textbackslash\}textbackslash{\textbackslash}\}},
	date = {2006},
}

@book{association_publication_2010,
	location = {Washington, {DC}},
	edition = {American Psychological Association},
	title = {Publication manual of the American Psychological Association [{APA}] (6 Ed.)},
	author = {Association, American Psychological},
	date = {2010},
}

@article{funder_evaluating_2019,
	title = {Evaluating effect size in psychological research: Sense and nonsense},
	volume = {2},
	shorttitle = {Evaluating effect size in psychological research},
	pages = {156--168},
	number = {2},
	journaltitle = {Advances in Methods and Practices in Psychological Science},
	author = {Funder, David C. and Ozer, Daniel J.},
	date = {2019},
}

@online{noauthor_google_nodate,
	title = {Google},
	url = {https://www.google.fr/},
	urldate = {2021-06-03},
}

@book{judd_data_2011,
	title = {Data analysis: A model comparison approach},
	shorttitle = {Data analysis},
	publisher = {Routledge},
	author = {Judd, Charles M. and {McClelland}, Gary H. and Ryan, Carey S.},
	date = {2011},
}

@article{thompson_statistical_1997,
	title = {Statistical significance testing practices in the Journal of Experimental Education},
	volume = {66},
	pages = {75--83},
	number = {1},
	journaltitle = {The Journal of Experimental Education},
	author = {Thompson, Bruce and Snyder, Patricia A.},
	date = {1997},
}

@article{lakens_calculating_2013,
	title = {Calculating and reporting effect sizes to facilitate cumulative science: a practical primer for t-tests and {ANOVAs}},
	volume = {4},
	shorttitle = {Calculating and reporting effect sizes to facilitate cumulative science},
	pages = {863},
	journaltitle = {Frontiers in psychology},
	author = {Lakens, Daniël},
	date = {2013},
}

@article{peng_impact_2013,
	title = {The impact of {APA} and {AERA} guidelines on effect size reporting},
	volume = {25},
	pages = {157--209},
	number = {2},
	journaltitle = {Educational Psychology Review},
	author = {Peng, Chao-Ying Joanne and Chen, Li-Ting and Chiang, Hsu-Min and Chiang, Yi-Chen},
	date = {2013},
}

@article{wilkinson_statistical_1999,
	title = {Statistical methods in psychology journals: Guidelines and explanations.},
	volume = {54},
	shorttitle = {Statistical methods in psychology journals},
	pages = {594},
	number = {8},
	journaltitle = {American psychologist},
	author = {Wilkinson, Leland},
	date = {1999},
}

@article{cohen_statistical_1965,
	title = {Some statistical issues in psychological research},
	pages = {95--121},
	journaltitle = {Handbook of clinical psychology},
	author = {Cohen, Jacob},
	date = {1965},
}

@article{grissom_review_2001,
	title = {Review of assumptions and problems in the appropriate conceptualization of effect size.},
	volume = {6},
	pages = {135},
	number = {2},
	journaltitle = {Psychological Methods},
	author = {Grissom, Robert J. and Kim, John J.},
	date = {2001},
}

@article{grissom_review_2001-1,
	title = {Review of assumptions and problems in the appropriate conceptualization of effect size.},
	volume = {6},
	pages = {135},
	number = {2},
	journaltitle = {Psychological Methods},
	author = {Grissom, Robert J. and Kim, John J.},
	date = {2001},
}

@article{shieh_confidence_2013,
	title = {Confidence intervals and sample size calculations for the standardized mean difference effect size between two normal populations under heteroscedasticity},
	volume = {45},
	pages = {955--967},
	number = {4},
	journaltitle = {Behavior research methods},
	author = {Shieh, Gwowen},
	date = {2013},
}

@article{balluerka_controversy_2005,
	title = {The controversy over null hypothesis significance testing revisited},
	volume = {1},
	pages = {55--70},
	number = {2},
	journaltitle = {Methodology},
	author = {Balluerka, Nekane and Gómez, Juana and Hidalgo, Dolores},
	date = {2005},
}

@article{nickerson_null_2000,
	title = {Null hypothesis significance testing: a review of an old and continuing controversy.},
	volume = {5},
	shorttitle = {Null hypothesis significance testing},
	pages = {241},
	number = {2},
	journaltitle = {Psychological methods},
	author = {Nickerson, Raymond S.},
	date = {2000},
}

@article{fraas_testing_2000,
	title = {Testing for Statistical and Practical Significance: A Suggested Technique Using a Randomization Test.},
	shorttitle = {Testing for Statistical and Practical Significance},
	author = {Fraas, John W. and Newman, Isadore},
	date = {2000},
}

@article{fraas_testing_2000-1,
	title = {Testing for Statistical and Practical Significance: A Suggested Technique Using a Randomization Test.},
	shorttitle = {Testing for Statistical and Practical Significance},
	author = {Fraas, John W. and Newman, Isadore},
	date = {2000},
}

@article{newman_testing_2001,
	title = {Testing Non-Nil Null Hypotheses with t Tests of Group Means: A Monte Carlo Study.},
	shorttitle = {Testing Non-Nil Null Hypotheses with t Tests of Group Means},
	author = {Newman, Isadore and Fraas, John W. and Herbert, Alan},
	date = {2001},
}

@article{lakens_equivalence_2017,
	title = {Equivalence tests: A practical primer for t tests, correlations, and meta-analyses},
	volume = {8},
	shorttitle = {Equivalence tests},
	pages = {355--362},
	number = {4},
	journaltitle = {Social psychological and personality science},
	author = {Lakens, Daniël},
	date = {2017},
}

@article{finch_reporting_2001,
	title = {Reporting of statistical inference in the Journal of Applied Psychology: Little evidence of reform.},
	shorttitle = {Reporting of statistical inference in the Journal of Applied Psychology},
	journaltitle = {Educational and Psychological Measurement},
	author = {Finch, Sue and Cumming, Geoff and Thomason, Neil},
	date = {2001},
}

@article{goertzen_detecting_2010,
	title = {Detecting a lack of association: An equivalence testing approach},
	volume = {63},
	shorttitle = {Detecting a lack of association},
	pages = {527--537},
	number = {3},
	journaltitle = {British Journal of Mathematical and Statistical Psychology},
	author = {Goertzen, Jason R. and Cribbie, Robert A.},
	date = {2010},
}

@article{blume_second-generation_2018,
	title = {Second-generation p-values: Improved rigor, reproducibility, \& transparency in statistical analyses},
	volume = {13},
	shorttitle = {Second-generation p-values},
	pages = {e0188299},
	number = {3},
	journaltitle = {{PLoS} One},
	author = {Blume, Jeffrey D. and D’Agostino {McGowan}, Lucy and Dupont, William D. and Greevy Jr, Robert A.},
	date = {2018},
}

@article{meyners_equivalence_2012,
	title = {Equivalence tests–A review},
	volume = {26},
	pages = {231--245},
	number = {2},
	journaltitle = {Food quality and preference},
	author = {Meyners, Michael},
	date = {2012},
}

@article{bakker_mis_2011,
	title = {The (mis) reporting of statistical results in psychology journals},
	volume = {43},
	pages = {666--678},
	number = {3},
	journaltitle = {Behavior research methods},
	author = {Bakker, Marjan and Wicherts, Jelte M.},
	date = {2011},
}

@article{button_power_2013,
	title = {Power failure: why small sample size undermines the reliability of neuroscience},
	volume = {14},
	shorttitle = {Power failure},
	pages = {365--376},
	number = {5},
	journaltitle = {Nature reviews neuroscience},
	author = {Button, Katherine S. and Ioannidis, John {PA} and Mokrysz, Claire and Nosek, Brian A. and Flint, Jonathan and Robinson, Emma {SJ} and Munafò, Marcus R.},
	date = {2013},
}

@article{bakker_rules_2012,
	title = {The rules of the game called psychological science},
	volume = {7},
	pages = {543--554},
	number = {6},
	journaltitle = {Perspectives on Psychological Science},
	author = {Bakker, Marjan and Van Dijk, Annette and Wicherts, Jelte M.},
	date = {2012},
}

@article{funder_improving_2014,
	title = {Improving the dependability of research in personality and social psychology: Recommendations for research and educational practice},
	volume = {18},
	shorttitle = {Improving the dependability of research in personality and social psychology},
	pages = {3--12},
	number = {1},
	journaltitle = {Personality and Social Psychology Review},
	author = {Funder, David C. and Levine, John M. and Mackie, Diane M. and Morf, Carolyn C. and Sansone, Carol and Vazire, Simine and West, Stephen G.},
	date = {2014},
}

@article{braver_continuously_2014,
	title = {Continuously cumulating meta-analysis and replicability},
	volume = {9},
	pages = {333--342},
	number = {3},
	journaltitle = {Perspectives on Psychological Science},
	author = {Braver, Sanford L. and Thoemmes, Felix J. and Rosenthal, Robert},
	date = {2014},
}

@article{perugini_safeguard_2014,
	title = {Safeguard power as a protection against imprecise power estimates},
	volume = {9},
	pages = {319--332},
	number = {3},
	journaltitle = {Perspectives on Psychological Science},
	author = {Perugini, Marco and Gallucci, Marcello and Costantini, Giulio},
	date = {2014},
}

@article{simmons_false-positive_2011,
	title = {False-positive psychology: Undisclosed flexibility in data collection and analysis allows presenting anything as significant},
	volume = {22},
	shorttitle = {False-positive psychology},
	pages = {1359--1366},
	number = {11},
	journaltitle = {Psychological science},
	author = {Simmons, Joseph P. and Nelson, Leif D. and Simonsohn, Uri},
	date = {2011},
}

@article{stroebe_are_2016,
	title = {Are most published social psychological findings false?},
	volume = {66},
	pages = {134--144},
	journaltitle = {Journal of Experimental Social Psychology},
	author = {Stroebe, Wolfgang},
	date = {2016},
}

@article{lakens_equivalence_2018,
	title = {Equivalence testing for psychological research: A tutorial},
	volume = {1},
	shorttitle = {Equivalence testing for psychological research},
	pages = {259--269},
	number = {2},
	journaltitle = {Advances in Methods and Practices in Psychological Science},
	author = {Lakens, Daniël and Scheel, Anne M. and Isager, Peder M.},
	date = {2018},
}

@article{schuirmann_comparison_1987,
	title = {A comparison of the two one-sided tests procedure and the power approach for assessing the equivalence of average bioavailability},
	volume = {15},
	pages = {657--680},
	number = {6},
	journaltitle = {Journal of pharmacokinetics and biopharmaceutics},
	author = {Schuirmann, Donald J.},
	date = {1987},
}

@article{quertemont_how_2011,
	title = {How to statistically show the absence of an effect},
	volume = {51},
	pages = {109--127},
	number = {2},
	journaltitle = {Psychologica Belgica},
	author = {Quertemont, Etienne},
	date = {2011},
}

@article{rogers_using_1993,
	title = {Using significance tests to evaluate equivalence between two experimental groups.},
	volume = {113},
	pages = {553},
	number = {3},
	journaltitle = {Psychological bulletin},
	author = {Rogers, James L. and Howard, Kenneth I. and Vessey, John T.},
	date = {1993},
}

@article{anderson_theres_2016,
	title = {There’s more than one way to conduct a replication study: Beyond statistical significance.},
	volume = {21},
	shorttitle = {There’s more than one way to conduct a replication study},
	pages = {1},
	number = {1},
	journaltitle = {Psychological Methods},
	author = {Anderson, Samantha F. and Maxwell, Scott E.},
	date = {2016},
	note = {Publisher: American Psychological Association},
	file = {Full Text:C\:\\Users\\Admin\\Zotero\\storage\\8665C8RT\\Anderson et Maxwell - 2016 - There’s more than one way to conduct a replication.pdf:application/pdf;Snapshot:C\:\\Users\\Admin\\Zotero\\storage\\YHUVH8TR\\doiLanding.html:text/html},
}

@article{seaman_equivalence_1998,
	title = {Equivalence confidence intervals for two-group comparisons of means.},
	volume = {3},
	pages = {403},
	number = {4},
	journaltitle = {Psychological methods},
	author = {Seaman, Michael A. and Serlin, Ronald C.},
	date = {1998},
	note = {Publisher: American Psychological Association},
	file = {Snapshot:C\:\\Users\\Admin\\Zotero\\storage\\KDWQ9KEK\\1998-11538-001.html:text/html},
}

@online{lakens_20_2016,
	title = {The 20\% Statistician: {TOST} equivalence testing R package ({TOSTER}) and spreadsheet},
	url = {http://daniellakens.blogspot.com/2016/12/tost-equivalence-testing-r-package.html},
	shorttitle = {The 20\% Statistician},
	titleaddon = {The 20\% Statistician},
	author = {Lakens, Daniël},
	urldate = {2021-06-25},
	date = {2016-12-09},
	keywords = {Confidence Intervals, {NHST}, R, Statistics},
	file = {Blogspot Snapshot:C\:\\Users\\Admin\\Zotero\\storage\\AKYZ7Y5Y\\tost-equivalence-testing-r-package.html:text/html},
}

@article{burriss_changes_2015,
	title = {Changes in women’s facial skin color over the ovulatory cycle are not detectable by the human visual system},
	volume = {10},
	pages = {e0130093},
	number = {7},
	journaltitle = {{PLoS} One},
	author = {Burriss, Robert P. and Troscianko, Jolyon and Lovell, P. George and Fulford, Anthony {JC} and Stevens, Martin and Quigley, Rachael and Payne, Jenny and Saxton, Tamsin K. and Rowland, Hannah M.},
	date = {2015},
	note = {Publisher: Public Library of Science San Francisco, {CA} {USA}},
	file = {Full Text:C\:\\Users\\Admin\\Zotero\\storage\\C6P4BHJE\\article.html:text/html},
}

@article{button_minimal_2015,
	title = {Minimal clinically important difference on the Beck Depression Inventory-{II} according to the patient's perspective},
	volume = {45},
	pages = {3269--3279},
	number = {15},
	journaltitle = {Psychological medicine},
	author = {Button, Katherine S. and Kounali, D. and Thomas, Laura and Wiles, Nicola J. and Peters, T. J. and Welton, Nicky J. and Ades, A. E. and Lewis, Glyn},
	date = {2015},
	note = {Publisher: Cambridge University Press},
	file = {Full Text:C\:\\Users\\Admin\\Zotero\\storage\\4RPNH65J\\Button et al. - 2015 - Minimal clinically important difference on the Bec.pdf:application/pdf},
}

@article{gignac_effect_2016,
	title = {Effect size guidelines for individual differences researchers},
	volume = {102},
	pages = {74--78},
	journaltitle = {Personality and individual differences},
	author = {Gignac, Gilles E. and Szodorai, Eva T.},
	date = {2016},
	note = {Publisher: Elsevier},
	file = {Full Text:C\:\\Users\\Admin\\Zotero\\storage\\9U8S52IB\\Gignac et Szodorai - 2016 - Effect size guidelines for individual differences .pdf:application/pdf;Snapshot:C\:\\Users\\Admin\\Zotero\\storage\\AA96IT57\\S0191886916308194.html:text/html},
}

@article{levine_communication_2008,
	title = {A communication researchers’ guide to null hypothesis significance testing and alternatives},
	volume = {34},
	pages = {188--209},
	number = {2},
	journaltitle = {Human Communication Research},
	author = {Levine, Timothy R. and Weber, Rene and Park, Hee Sun and Hullett, Craig R.},
	date = {2008},
	note = {Publisher: Oxford University Press Oxford, {UK}},
	file = {Snapshot:C\:\\Users\\Admin\\Zotero\\storage\\9KP2GA9C\\4210746.html:text/html},
}

@article{simonsohn_p-curve_2014,
	title = {P-curve: a key to the file-drawer.},
	volume = {143},
	shorttitle = {P-curve},
	pages = {534},
	number = {2},
	journaltitle = {Journal of experimental psychology: General},
	author = {Simonsohn, Uri and Nelson, Leif D. and Simmons, Joseph P.},
	date = {2014},
	note = {Publisher: American Psychological Association},
	file = {Full Text:C\:\\Users\\Admin\\Zotero\\storage\\9SFGLD7R\\Simonsohn et al. - 2014 - P-curve a key to the file-drawer..pdf:application/pdf;Snapshot:C\:\\Users\\Admin\\Zotero\\storage\\YDDBRBB7\\doiLanding.html:text/html},
}

@article{duran_standards_2006-1,
	title = {Standards for reporting on empirical social science research in {AERA} publications: American Educational Research Association},
	volume = {35},
	shorttitle = {Standards for reporting on empirical social science research in {AERA} publications},
	pages = {33--40},
	number = {6},
	journaltitle = {Educational Researcher},
	author = {Duran, Richard P. and Eisenhart, Margaret A. and Erickson, Frederick D. and Grant, Carl A. and Green, Judith L. and Hedges, Larry V. and Schneider, B. L.},
	date = {2006},
	file = {Full Text:C\:\\Users\\Admin\\Zotero\\storage\\ZMY387N7\\Duran et al. - 2006 - Standards for reporting on empirical social scienc.pdf:application/pdf},
}

@article{peng_impact_2013-1,
	title = {The impact of {APA} and {AERA} guidelines on effect size reporting},
	volume = {25},
	pages = {157--209},
	number = {2},
	journaltitle = {Educational Psychology Review},
	author = {Peng, Chao-Ying Joanne and Chen, Li-Ting and Chiang, Hsu-Min and Chiang, Yi-Chen},
	date = {2013},
	note = {Publisher: Springer},
	file = {Full Text:C\:\\Users\\Admin\\Zotero\\storage\\MTMLJYPP\\Peng et al. - 2013 - The impact of APA and AERA guidelines on effect si.pdf:application/pdf;Snapshot:C\:\\Users\\Admin\\Zotero\\storage\\73FR9B4Z\\s10648-013-9218-2.html:text/html},
}

@article{shieh_confidence_2013-1,
	title = {Confidence intervals and sample size calculations for the standardized mean difference effect size between two normal populations under heteroscedasticity},
	volume = {45},
	pages = {955--967},
	number = {4},
	journaltitle = {Behavior research methods},
	author = {Shieh, Gwowen},
	date = {2013},
	note = {Publisher: Springer},
	file = {Full Text:C\:\\Users\\Admin\\Zotero\\storage\\ZMFFM3HN\\s13428-013-0320-7.html:text/html},
}

@article{peng_beyond_2014,
	title = {Beyond Cohen's d: Alternative effect size measures for between-subject designs},
	volume = {82},
	shorttitle = {Beyond Cohen's d},
	pages = {22--50},
	number = {1},
	journaltitle = {The Journal of Experimental Education},
	author = {Peng, Chao-Ying Joanne and Chen, Li-Ting},
	date = {2014},
	note = {Publisher: Taylor \& Francis},
	file = {Snapshot:C\:\\Users\\Admin\\Zotero\\storage\\EGY7U8RP\\00220973.2012.html:text/html},
}

@article{andersen_but_2007,
	title = {But what do the numbers really tell us?: Arbitrary metrics and effect size reporting in sport psychology research},
	volume = {29},
	shorttitle = {But what do the numbers really tell us?},
	pages = {664--672},
	number = {5},
	journaltitle = {Journal of sport and exercise psychology},
	author = {Andersen, Mark B. and {McCullagh}, Penny and Wilson, Gabriel J.},
	date = {2007},
	note = {Publisher: Human Kinetics, Inc.},
	file = {Snapshot:C\:\\Users\\Admin\\Zotero\\storage\\KP6WYWVJ\\article-p664.html:text/html},
}

@article{stout_assessing_1995,
	title = {Assessing the practical significance of empirical results in accounting education research: The use of effect size information},
	volume = {13},
	shorttitle = {Assessing the practical significance of empirical results in accounting education research},
	pages = {281--298},
	number = {3},
	journaltitle = {Journal of Accounting Education},
	author = {Stout, David E. and Ruble, Thomas L.},
	date = {1995},
	note = {Publisher: Elsevier},
	file = {Snapshot:C\:\\Users\\Admin\\Zotero\\storage\\BF2XBVZK\\074857519500010J.html:text/html},
}

@book{ellis_essential_2010,
	title = {The essential guide to effect sizes: Statistical power, meta-analysis, and the interpretation of research results},
	shorttitle = {The essential guide to effect sizes},
	publisher = {Cambridge university press},
	author = {Ellis, Paul D.},
	date = {2010},
	file = {Snapshot:C\:\\Users\\Admin\\Zotero\\storage\\LMCICEN7\\books.html:text/html},
}

@article{altman_why_2005,
	title = {Why we need confidence intervals},
	volume = {29},
	pages = {554--556},
	number = {5},
	journaltitle = {World journal of surgery},
	author = {Altman, Douglas G.},
	date = {2005},
	note = {Publisher: Springer},
	file = {Full Text:C\:\\Users\\Admin\\Zotero\\storage\\E39T2HNA\\Altman - 2005 - Why we need confidence intervals.pdf:application/pdf;Snapshot:C\:\\Users\\Admin\\Zotero\\storage\\VGFC59C2\\s00268-005-7911-0.html:text/html},
}

@article{sullivan_using_2012,
	title = {Using effect size—or why the P value is not enough},
	volume = {4},
	pages = {279--282},
	number = {3},
	journaltitle = {Journal of graduate medical education},
	author = {Sullivan, Gail M. and Feinn, Richard},
	date = {2012},
	note = {Publisher: The Accreditation Council for Graduate Medical Education Suite 2000, 515 …},
	file = {Full Text:C\:\\Users\\Admin\\Zotero\\storage\\F9YMF7CG\\PMC3444174.html:text/html;Snapshot:C\:\\Users\\Admin\\Zotero\\storage\\DL6EN3A2\\Using-Effect-Size-or-Why-the-P-Value-Is-Not-Enough.html:text/html},
}

@article{prentice_when_1992,
	title = {When small effects are impressive.},
	volume = {112},
	pages = {160},
	number = {1},
	journaltitle = {Psychological bulletin},
	author = {Prentice, Deborah A. and Miller, Dale T.},
	date = {1992},
	note = {Publisher: American Psychological Association},
	file = {Full Text:C\:\\Users\\Admin\\Zotero\\storage\\HJ56HPUX\\Prentice et Miller - 1992 - When small effects are impressive..pdf:application/pdf;Snapshot:C\:\\Users\\Admin\\Zotero\\storage\\7RWASWXY\\1992-37703-001.html:text/html},
}

@book{wackerly_mathematical_2008,
	location = {Belmont, {USA}},
	title = {Mathematical Statistics with Applications (7th Edition)},
	publisher = {Brooks/Cole, Cengage Learning},
	author = {Wackerly, D.D. and Mendenhall, W. and Scheaffer, R.L},
	date = {2008},
}

@online{raviv_bias_2014,
	title = {Bias vs. Consistency},
	url = {https://eranraviv.com/bias-vs-consistency/},
	abstract = {Bias vs. Consistency},
	author = {Raviv, Eran},
	urldate = {2021-07-12},
	date = {2014-06-02},
	langid = {american},
	file = {Snapshot:C\:\\Users\\Admin\\Zotero\\storage\\U2GCWH53\\bias-vs-consistency.html:text/html},
}

@article{keselman_generally_2008,
	title = {A generally robust approach for testing hypotheses and setting confidence intervals for effect sizes.},
	volume = {13},
	pages = {110},
	number = {2},
	journaltitle = {Psychological Methods},
	author = {Keselman, H. J. and Algina, James and Lix, Lisa M. and Wilcox, Rand R. and Deering, Kathleen N.},
	date = {2008},
	note = {Publisher: American Psychological Association},
	file = {Full Text:C\:\\Users\\Admin\\Zotero\\storage\\KEXANPSQ\\Keselman et al. - 2008 - A generally robust approach for testing hypotheses.pdf:application/pdf;Snapshot:C\:\\Users\\Admin\\Zotero\\storage\\EZD582T8\\2008-06808-003.html:text/html},
}

@book{hedges_statistical_2014,
	title = {Statistical methods for meta-analysis},
	publisher = {Academic press},
	author = {Hedges, Larry V. and Olkin, Ingram},
	date = {2014},
	file = {Full Text:C\:\\Users\\Admin\\Zotero\\storage\\4XTHCZ78\\Hedges et Olkin - 2014 - Statistical methods for meta-analysis.pdf:application/pdf;Snapshot:C\:\\Users\\Admin\\Zotero\\storage\\UJGFDK7D\\books.html:text/html},
}

@book{hedges_statistical_1985,
	location = {Cambridge, Massachusetts},
	edition = {Academic Press},
	title = {Statistical Methods for Meta-Analysis},
	author = {Hedges, L. V. and Olkin, I.},
	date = {1985},
}

@article{goulet-pelletier_review_2018,
	title = {A review of effect sizes and their confidence intervals, Part I: The Cohen’sd family},
	volume = {14},
	shorttitle = {A review of effect sizes and their confidence intervals, Part I},
	pages = {242--265},
	number = {4},
	journaltitle = {The Quantitative Methods for Psychology},
	author = {Goulet-Pelletier, Jean-Christophe and Cousineau, Denis},
	date = {2018},
	note = {Publisher: The Quantitative Methods for Psychology},
	file = {Full Text:C\:\\Users\\Admin\\Zotero\\storage\\UUA3CWUC\\Goulet-Pelletier et Cousineau - 2018 - A review of effect sizes and their confidence inte.pdf:application/pdf},
}

@article{kelley_effects_2005,
	title = {The effects of nonnormal distributions on confidence intervals around the standardized mean difference: Bootstrap and parametric confidence intervals},
	volume = {65},
	shorttitle = {The effects of nonnormal distributions on confidence intervals around the standardized mean difference},
	pages = {51--69},
	number = {1},
	journaltitle = {Educational and Psychological Measurement},
	author = {Kelley, Ken},
	date = {2005},
	note = {Publisher: Sage Publications Sage {CA}: Thousand Oaks, {CA}},
	file = {Full Text:C\:\\Users\\Admin\\Zotero\\storage\\XHPHU2IG\\Kelley - 2005 - The effects of nonnormal distributions on confiden.pdf:application/pdf;Snapshot:C\:\\Users\\Admin\\Zotero\\storage\\7884GVZ6\\0013164404264850.html:text/html},
}

@article{cumming_cohens_2013,
	title = {Cohen’s d needs to be readily interpretable: Comment on Shieh (2013)},
	volume = {45},
	shorttitle = {Cohen’sd needs to be readily interpretable},
	pages = {968--971},
	number = {4},
	journaltitle = {Behavior Research Methods},
	author = {Cumming, Geoff},
	date = {2013},
	note = {Publisher: Springer},
	file = {Full Text:C\:\\Users\\Admin\\Zotero\\storage\\GK358GLS\\s13428-013-0392-4.html:text/html},
}

@book{grissom_effect_2005,
	title = {Effect sizes for research: A broad practical approach.},
	shorttitle = {Effect sizes for research},
	publisher = {Lawrence Erlbaum Associates Publishers},
	author = {Grissom, Robert J. and Kim, John J.},
	date = {2005},
	file = {Snapshot:C\:\\Users\\Admin\\Zotero\\storage\\7KXZFURS\\2005-04135-000.html:text/html},
}

@book{glass_meta-analysis_1981,
	location = {Beverly Hills, {CA}},
	edition = {Sage},
	title = {Meta-analysis in Social Research},
	author = {Glass, G.V. and {McGav}, B. and Smith, M.L.},
	date = {1981},
}

@article{coe_its_2002,
	title = {It's the effect size, stupid: What effect size is and why it is important},
	shorttitle = {It's the effect size, stupid},
	author = {Coe, Robert},
	date = {2002},
	note = {Publisher: Education-line},
	file = {Full Text:C\:\\Users\\Admin\\Zotero\\storage\\K99D9FXG\\404-error.html:text/html},
}

@article{algina_confidence_2006,
	title = {Confidence intervals for an effect size when variances are not equal},
	volume = {5},
	pages = {2},
	number = {1},
	journaltitle = {Journal of Modern Applied Statistical Methods},
	author = {Algina, James and Keselman, H. J. and Penfield, Randall D.},
	date = {2006},
	file = {Full Text:C\:\\Users\\Admin\\Zotero\\storage\\M7W7R893\\Algina et al. - 2006 - Confidence intervals for an effect size when varia.pdf:application/pdf;Snapshot:C\:\\Users\\Admin\\Zotero\\storage\\MXTB8UGK\\2.html:text/html},
}

@article{kulinskaya_confidence_2007,
	title = {Confidence intervals for the standardized effect arising in the comparison of two normal populations},
	volume = {26},
	pages = {2853--2871},
	number = {14},
	journaltitle = {Statistics in medicine},
	author = {Kulinskaya, Elena and Staudte, Robert G.},
	date = {2007},
	note = {Publisher: Wiley Online Library},
	file = {Snapshot:C\:\\Users\\Admin\\Zotero\\storage\\ECD2F56X\\sim.html:text/html},
}

@article{welch_significance_1938,
	title = {The significance of the difference between two means when the population variances are unequal},
	volume = {29},
	pages = {350--362},
	number = {3},
	journaltitle = {Biometrika},
	author = {Welch, Bernard L.},
	date = {1938},
	note = {Publisher: {JSTOR}},
	file = {Full Text:C\:\\Users\\Admin\\Zotero\\storage\\52QWGZC2\\Welch - 1938 - The significance of the difference between two mea.pdf:application/pdf;Snapshot:C\:\\Users\\Admin\\Zotero\\storage\\SGW3RMK7\\2332010.html:text/html},
}

@article{huynh_unified_1989,
	title = {A Unified Approach to the Estimation of Effect Size in Meta-Analysis.},
	author = {Huynh, Cam-Loi},
	date = {1989},
	note = {Publisher: {ERIC}},
	file = {Full Text:C\:\\Users\\Admin\\Zotero\\storage\\8XVDY7ZM\\Huynh - 1989 - A Unified Approach to the Estimation of Effect Siz.pdf:application/pdf;Snapshot:C\:\\Users\\Admin\\Zotero\\storage\\FBCWPLU7\\eric.ed.gov.html:text/html},
}

@article{wilcox_results_1994,
	title = {Some results on the Tukey-{McLaughlin} and Yuen methods for trimmed means when distributions are skewed},
	volume = {36},
	pages = {259--273},
	number = {3},
	journaltitle = {Biometrical Journal},
	author = {Wilcox, Rand R.},
	date = {1994},
	note = {Publisher: Wiley Online Library},
	file = {Snapshot:C\:\\Users\\Admin\\Zotero\\storage\\3VISGS5Z\\bimj.html:text/html},
}

@book{wilcox_introduction_2011,
	title = {Introduction to robust estimation and hypothesis testing},
	publisher = {Academic press},
	author = {Wilcox, Rand R.},
	date = {2011},
	file = {Full Text:C\:\\Users\\Admin\\Zotero\\storage\\S3N7ZQLH\\Wilcox - 2011 - Introduction to robust estimation and hypothesis t.pdf:application/pdf;Snapshot:C\:\\Users\\Admin\\Zotero\\storage\\6M7EKJQI\\books.html:text/html},
}

@article{decarlo_meaning_1997,
	title = {On the meaning and use of kurtosis.},
	volume = {2},
	pages = {292},
	number = {3},
	journaltitle = {Psychological methods},
	author = {{DeCarlo}, Lawrence T.},
	date = {1997},
	note = {Publisher: American Psychological Association},
	file = {Full Text:C\:\\Users\\Admin\\Zotero\\storage\\WDTUJL2X\\DeCarlo - 1997 - On the meaning and use of kurtosis..pdf:application/pdf;Snapshot:C\:\\Users\\Admin\\Zotero\\storage\\GA2H6H7P\\1998-04950-005.html:text/html},
}

@article{croasmun_using_2011,
	title = {Using likert-type scales in the social sciences.},
	volume = {40},
	pages = {19--22},
	number = {1},
	journaltitle = {Journal of Adult Education},
	author = {Croasmun, James T. and Ostrom, Lee},
	date = {2011},
	note = {Publisher: {ERIC}},
	file = {Full Text:C\:\\Users\\Admin\\Zotero\\storage\\HUACLFTT\\Croasmun et Ostrom - 2011 - Using likert-type scales in the social sciences..pdf:application/pdf;Snapshot:C\:\\Users\\Admin\\Zotero\\storage\\2IKX2FCA\\eric.ed.gov.html:text/html},
}

@article{joshi_likert_2015,
	title = {Likert scale: Explored and explained},
	volume = {7},
	shorttitle = {Likert scale},
	pages = {396},
	number = {4},
	journaltitle = {British Journal of Applied Science \& Technology},
	author = {Joshi, Ankur and Kale, Saket and Chandel, Satish and Pal, D. Kumar},
	date = {2015},
	note = {Publisher: {SCIENCEDOMAIN} International},
}

@online{noauthor_echelles_nodate,
	title = {échelles de likert symétriques vs asymétriques - Google Suche},
	url = {https://www.google.fr/search?q=%C3%A9chelles+de+likert+sym%C3%A9triques+vs+asym%C3%A9triques&sxsrf=ALeKk00cAar-1_p4L6mbHj8Nmv-0J1HVDA%3A1629709295810&source=hp&ei=72MjYbGrLsPi5NoP04G0qAM&iflsig=AINFCbYAAAAAYSNx_6rrWwgJq6fjNthubecGDYoAmaXA&oq=%C3%A9chelles+de+likert+sym%C3%A9triques+vs+asym%C3%A9triques&gs_lcp=Cgdnd3Mtd2l6EAMyBwghEAoQoAE6BAgjECc6BQgAEIAEOgUILhCABDoICC4QgAQQkwI6BQgAEMsBOgsILhDHARCvARDLAToOCC4QxwEQrwEQywEQkwI6BggAEBYQHjoICAAQFhAKEB46BQghEKABOgQIIRAVUIwDWM8lYN8laABwAHgCgAHAAYgBsh2SAQQzNy43mAEAoAEB&sclient=gws-wiz&ved=0ahUKEwjx3qSd5MbyAhVDMVkFHdMADTUQ4dUDCAc&uact=5},
	urldate = {2021-08-23},
	file = {échelles de likert symétriques vs asymétriques - Google Suche:C\:\\Users\\Admin\\Zotero\\storage\\TUZ7ZIUK\\search.html:text/html},
}

@article{boone_analyzing_2012,
	title = {Analyzing likert data},
	volume = {50},
	pages = {1--5},
	number = {2},
	journaltitle = {Journal of extension},
	author = {Boone, Harry N. and Boone, Deborah A.},
	date = {2012},
	file = {Full Text:C\:\\Users\\Admin\\Zotero\\storage\\ZQESAQJ5\\Boone et Boone - 2012 - Analyzing likert data.pdf:application/pdf},
}