@article{aiken_doctoral_2008,
	title = {Doctoral training in statistics, measurement, and methodology in psychology: Replication and extension of Aiken, West, Sechrest, and Reno's (1990) survey of {PhD} programs in North America.},
	volume = {63},
	shorttitle = {Doctoral training in statistics, measurement, and methodology in psychology},
	pages = {32-50},
	number = {1},
	journaltitle = {American Psychologist},
	author = {Aiken, Leona S. and West, Stephen G. and Millsap, Roger E.},
	date = {2008},
	doi = {10.1037/0003-066X.63.1.32}
}

@article{algina_confidence_2006,
	title = {Confidence intervals for an effect size when variances are not equal},
	volume = {5},
	pages = {2-13},
	number = {1},
	journaltitle = {Journal of Modern Applied Statistical Methods},
	author = {Algina, James and Keselman, Harvey J. and Penfield, Randall D.},
	date = {2006},
	file = {Full Text:C\:\\Users\\Admin\\Zotero\\storage\\M7W7R893\\Algina et al. - 2006 - Confidence intervals for an effect size when varia.pdf:application/pdf;Snapshot:C\:\\Users\\Admin\\Zotero\\storage\\MXTB8UGK\\2.html:text/html},
		doi = {10.22237/jmasm/1146456060}
}

@article{altman_why_2005,
	title = {Why we need confidence intervals},
	volume = {29},
	pages = {554--556},
	number = {5},
	journaltitle = {World {J}ournal of {S}urgery},
	author = {Altman, Douglas G.},
	date = {2005},
	note = {Publisher: Springer},
	file = {Full Text:C\:\\Users\\Admin\\Zotero\\storage\\E39T2HNA\\Altman - 2005 - Why we need confidence intervals.pdf:application/pdf;Snapshot:C\:\\Users\\Admin\\Zotero\\storage\\VGFC59C2\\s00268-005-7911-0.html:text/html},
			doi = {10.1007/s00268-005-7911-0}
}

@article{andersen_but_2007,
	title = {But what do the numbers really tell us?: Arbitrary metrics and effect size reporting in sport psychology research},
	volume = {29},
	shorttitle = {But what do the numbers really tell us?},
	pages = {664--672},
	number = {5},
	journaltitle = {Journal of {S}port and {E}xercise {P}sychology},
	author = {Andersen, Mark B. and {McCullagh}, Penny and Wilson, Gabriel J.},
	date = {2007},
	note = {Publisher: Human Kinetics, Inc.},
	file = {Snapshot:C\:\\Users\\Admin\\Zotero\\storage\\KP6WYWVJ\\article-p664.html:text/html},
			doi = {10.1123/jsep.29.5.664}
}

@article{anderson_theres_2016,
	title = {There’s more than one way to conduct a replication study: Beyond statistical significance.},
	volume = {21},
	shorttitle = {There’s more than one way to conduct a replication study},
	pages = {1-12},
	number = {1},
	journaltitle = {Psychological Methods},
	author = {Anderson, Samantha F. and Maxwell, Scott E.},
	date = {2016},
	note = {Publisher: American Psychological Association},
	file = {Full Text:C\:\\Users\\Admin\\Zotero\\storage\\8665C8RT\\Anderson et Maxwell - 2016 - There’s more than one way to conduct a replication.pdf:application/pdf;Snapshot:C\:\\Users\\Admin\\Zotero\\storage\\YHUVH8TR\\doiLanding.html:text/html},
			doi = {10.1037/met0000051}
}

@article{balluerka_controversy_2005,
	title = {The controversy over null hypothesis significance testing revisited},
	volume = {1},
	pages = {55--70},
	number = {2},
	journaltitle = {Methodology},
	author = {Balluerka, Nekane and Gómez, Juana and Hidalgo, Dolores},
	date = {2005},
			doi = {10.1027/1614-1881.1.2.55}
}

@article{banerjee_hypothesis_2009,
	title = {Hypothesis testing, type I and type {II} errors},
	volume = {18},
	pages = {127-131},
	number = {2},
	journaltitle = {Industrial psychiatry journal},
	author = {Banerjee, Amitav and Chitnis, U. B. and Jadhav, S. L. and Bhawalkar, J. S. and Chaudhury, S.},
	date = {2009},
	note = {Publisher: Wolters Kluwer–Medknow Publications},
	file = {Full Text:C\:\\Users\\Admin\\Zotero\\storage\\NCP5YDQ6\\PMC2996198.html:text/html},
	doi= {10.4103/0972-6748.62274}
}

@article{baumgartner_response_2001,
	title = {Response styles in marketing research: A cross-national investigation},
	volume = {38},
	shorttitle = {Response styles in marketing research},
	pages = {143--156},
	number = {2},
	journaltitle = {Journal of marketing research},
	author = {Baumgartner, Hans and Steenkamp, Jan-Benedict {EM}},
	date = {2001},
	note = {Publisher: {SAGE} Publications Sage {CA}: Los Angeles, {CA}},
	file = {Full Text:C\:\\Users\\Admin\\Zotero\\storage\\BL9UZP5M\\Baumgartner et Steenkamp - 2001 - Response styles in marketing research A cross-nat.pdf:application/pdf;Snapshot:C\:\\Users\\Admin\\Zotero\\storage\\FN9J3TYM\\jmkr.38.2.143.html:text/html},
	doi = {10.1509/jmkr.38.2.143.18840}
}

@article{blume_second-generation_2018,
	title = {Second-generation \emph{p}-values: Improved rigor, reproducibility, $\&$ transparency in statistical analyses},
	volume = {13},
	shorttitle = {Second-generation \it{p}-values},
	pages = {1-17},
	number = {3},
	journaltitle = {{PLoS} One},
	author = {Blume, Jeffrey D. and D’Agostino {M}c{G}owan, Lucy and Dupont, William D. and Greevy, Robert A.},
	date = {2018},
			doi = {10.1371/journal.pone.0188299}
}

@article{boone_analyzing_2012,
	title = {Analyzing likert data},
	volume = {50},
	pages = {1--5},
	number = {2},
	journaltitle = {Journal of {E}xtension},
	author = {Boone, Harry N. and Boone, Deborah A.},
	date = {2012},
	file = {Full Text:C\:\\Users\\Admin\\Zotero\\storage\\ZQESAQJ5\\Boone et Boone - 2012 - Analyzing likert data.pdf:application/pdf},
			doi = {10.1214/aoms/1177728717}
}

@article{box_theorems_1954,
	title = {Some theorems on quadratic forms applied in the study of analysis of variance problems, {II}. Effects of inequality of variance and of correlation between errors in the two-way classification},
	volume = {25},
	pages = {484-498},
	number = {3},
	journaltitle = {The Annals of Mathematical Statistics},
	author = {Box, George {EP}},
	date = {1954},
	note = {Publisher: Institute of Mathematical Statistics},
	file = {Full Text:C\:\\Users\\Admin\\Zotero\\storage\\8CYIQZCL\\Box - 1954 - Some theorems on quadratic forms applied in the st.pdf:application/pdf},
			doi = {10.1214/aoms/1177728717}
}

@article{bradley_robustness_1978,
	title = {Robustness?},
	volume = {31},
	pages = {144--152},
	number = {2},
	journaltitle = {British Journal of Mathematical and Statistical Psychology},
	author = {Bradley, James V.},
	date = {1978},
	note = {Publisher: Wiley Online Library},
	file = {Snapshot:C\:\\Users\\Admin\\Zotero\\storage\\4XFKSCYL\\j.2044-8317.1978.tb00581.html:text/html},
	doi={10.1111/j.2044-8317.1978.tb00581.x}
}

@article{bryk_heterogeneity_1988,
	title = {Heterogeneity of variance in experimental studies: A challenge to conventional interpretations.},
	volume = {104},
	shorttitle = {Heterogeneity of variance in experimental studies},
	pages = {396–404},
	number = {3},
	journaltitle = {Psychological Bulletin},
	author = {Bryk, Anthony S. and Raudenbush, Stephen W.},
	date = {1988},
	note = {Publisher: American Psychological Association},
	file = {Full Text:C\:\\Users\\Admin\\Zotero\\storage\\8MIDLGMS\\Bryk et Raudenbush - 1988 - Heterogeneity of variance in experimental studies.pdf:application/pdf;Snapshot:C\:\\Users\\Admin\\Zotero\\storage\\X3GQT62G\\1989-10671-001.html:text/html},
	doi = {10.1037/0033-2909.104.3.396},
}


@article{burriss_changes_2015,
	title = {Changes in women’s facial skin color over the ovulatory cycle are not detectable by the human visual system},
	volume = {10},
	pages = {1-16},
	number = {7},
	journaltitle = {{PLoS} One},
	author = {Burriss, Robert P. and Troscianko, Jolyon and Lovell, P. George and Fulford, Anthony {JC} and Stevens, Martin and Quigley, Rachael and Payne, Jenny and Saxton, Tamsin K. and Rowland, Hannah M.},
	date = {2015},
	note = {Publisher: Public Library of Science San Francisco, {CA} {USA}},
	file = {Full Text:C\:\\Users\\Admin\\Zotero\\storage\\C6P4BHJE\\article.html:text/html},
			doi = {10.1371/journal.pone.0130093}
}

@article{button_minimal_2015,
	title = {Minimal clinically important difference on the Beck Depression Inventory-{II} according to the patient's perspective},
	volume = {45},
	pages = {3269--3279},
	number = {15},
	journaltitle = {Psychological {M}edicine},
	author = {Button, Katherine S. and Kounali, D. and Thomas, Laura and Wiles, Nicola J. and Peters, T. J. and Welton, Nicky J. and Ades, A. E. and Lewis, Glyn},
	date = {2015},
	note = {Publisher: Cambridge University Press},
	file = {Full Text:C\:\\Users\\Admin\\Zotero\\storage\\4RPNH65J\\Button et al. - 2015 - Minimal clinically important difference on the Bec.pdf:application/pdf},
			doi = {10.1017/S0033291715001270}
}

@article{byrne_status_1996,
	title = {The status and role of quantitative methods in psychology: Past, present, and future perspectives.},
	volume = {37},
	shorttitle = {The status and role of quantitative methods in psychology},
	pages = {76-80},
	number = {2},
	journaltitle = {Canadian Psychology/Psychologie canadienne},
	author = {Byrne, Barbara M.},
	date = {1996},
			doi = {10.1037/0708-5591.37.2.76}
}

@article{cain_univariate_2017,
	title = {Univariate and multivariate skewness and kurtosis for measuring nonnormality: Prevalence, influence and estimation},
	volume = {49},
	shorttitle = {Univariate and multivariate skewness and kurtosis for measuring nonnormality},
	pages = {1716--1735},
	number = {5},
	journaltitle = {Behavior {R}esearch {M}ethods},
	author = {Cain, Meghan K. and Zhang, Zhiyong and Yuan, Ke-Hai},
	date = {2017},
			doi = {10.3758/s13428-016-0814-1}
}

@article{carroll_note_1985,
	title = {A note on Levene's tests for equality of variances},
	volume = {3},
	pages = {191--194},
	number = {4},
	journaltitle = {Statistics $\&$ probability letters},
	author = {Carroll, Raymond J. and Schneider, Helmut},
	date = {1985},
	note = {Publisher: Elsevier},
	doi={10.1016/0167-7152(85)90016-1}
}

@article{counsell_reporting_2017,
	title = {Reporting practices and use of quantitative methods in Canadian journal articles in psychology.},
	volume = {58},
	pages = {140-147},
	number = {2},
	journaltitle = {Canadian Psychology/{P}sychologie canadienne},
	author = {Counsell, Alyssa and Harlow, Lisa},
	date = {2017},
	doi = {10.1037/cap0000074},
}

@article{cowdry_mood_1991,
	title = {Mood variability: a study of four groups.},
		volume = {148},
	pages = {1505–1511},
	number = {11},
	shorttitle = {Mood variability},
	journaltitle = {The American journal of psychiatry},
	author = {Cowdry, Rex W. and Gardner, David L. and O'Leary, Kathleen M. and Leibenluft, Ellen and Rubinow, David R.},
	date = {1991},
	note = {Publisher: American Psychiatric Assn},
	file = {Snapshot:C\:\\Users\\Admin\\Zotero\\storage\\35ZNRUWB\\1992-09161-001.html:text/html},
	doi = {10.1176/ajp.148.11.1505}
}

@article{croasmun_using_2011,
	title = {Using likert-type scales in the social sciences.},
	volume = {40},
	pages = {19--22},
	number = {1},
	journaltitle = {Journal of Adult Education},
	author = {Croasmun, James T. and Ostrom, Lee},
	date = {2011},
	note = {Publisher: {ERIC}},
	file = {Full Text:C\:\\Users\\Admin\\Zotero\\storage\\HUACLFTT\\Croasmun et Ostrom - 2011 - Using likert-type scales in the social sciences..pdf:application/pdf;Snapshot:C\:\\Users\\Admin\\Zotero\\storage\\2IKX2FCA\\eric.ed.gov.html:text/html},
}

@article{cumming_cohens_2013,
	title = {Cohen’s \emph{d} needs to be readily interpretable: Comment on Shieh (2013)},
	volume = {45},
	shorttitle = {Cohen’s \emph{d} needs to be readily interpretable},
	pages = {968-971},
	number = {4},
	journaltitle = {Behavior Research Methods},
	author = {Cumming, Geoff},
	date = {2013},
	note = {Publisher: Springer},
	file = {Full Text:C\:\\Users\\Admin\\Zotero\\storage\\GK358GLS\\s13428-013-0392-4.html:text/html},
			doi = {10.3758/s13428-013-0392-4}
}

@article{cumming_statistical_2012,
	title = {The statistical recommendations of the American Psychological Association Publication Manual: Effect sizes, confidence intervals, and meta-analysis},
	volume = {64},
	shorttitle = {The statistical recommendations of the American Psychological Association Publication Manual},
	pages = {138-146},
	number = {3},
	journaltitle = {Australian Journal of Psychology},
	author = {Cumming, Geoff and Fidler, Fiona and Kalinowski, Pav and Lai, Jerry},
	date = {2012},
			doi = {10.1111/j.1742-9536.2011.00037.x}
}

@article{curtis_training_1998,
	title = {Training doctoral students in educational statistics in the United States: A national survey},
	volume = {6},
	shorttitle = {Training doctoral students in educational statistics in the United States},
	number = {1},
		pages = {1-23},
	journaltitle = {Journal of Statistics Education},
	author = {Curtis, Deborah A. and Harwell, Michael},
	date = {1998},
			doi = {10.1080/10691898.1998.11910604}
}

@article{delacre_why_2017,
	title = {Why psychologists should by default use Welch’s \emph{t}-test instead of Student’s \emph{t}-test},
	volume = {30},
	number = {1},
	pages = {92-101},
	journaltitle = {International Review of Social Psychology},
	author = {Delacre, Marie and Lakens, Daniël and Leys, Christophe},
	date = {2017},
			doi = {10.5334/irsp.82}
}

@article{delacre_taking_2019,
	title = {Taking parametric assumptions seriously: Arguments for the use of Welch’s \emph{F}-test instead of the classical \emph{F}-test in one-way {ANOVA}},
	volume = {32},
	shorttitle = {Taking parametric assumptions seriously},
	number = {1},
		pages = {1-12},
	journaltitle = {International Review of Social Psychology},
	author = {Delacre, Marie and Leys, Christophe and Mora, Youri L. and Lakens, Daniël},
	date = {2019},
			doi = {10.5334/irsp.198}
}

@article{duran_standards_2006,
	title = {Standards for reporting on empirical social science research in {AERA} publications: American Educational Research Association},
	volume = {35},
	shorttitle = {Standards for reporting on empirical social science research in {AERA} publications},
	pages = {33--40},
	number = {6},
	journaltitle = {Educational Researcher},
	author = {Duran, Richard P. and Eisenhart, Margaret A. and Erickson, Frederick D. and Grant, Carl A. and Green, Judith L. and Hedges, Larry V. and Schneider, B. L.},
	date = {2006},
}

@article{erceg-hurn_modern_2008,
	title = {Modern robust statistical methods: an easy way to maximize the accuracy and power of your research.},
	volume = {63},
	shorttitle = {Modern robust statistical methods},
	pages = {591-601},
	number = {7},
	journaltitle = {American Psychologist},
	author = {Erceg-Hurn, David M. and Mirosevich, Vikki M.},
	date = {2008},
			doi = {10.1037/0003-066X.63.7.591}
}

@article{feingold_sex_1992,
	title = {Sex differences in variability in intellectual abilities: A new look at an old controversy},
	volume = {62},
	shorttitle = {Sex differences in variability in intellectual abilities},
	pages = {61--84},
	number = {1},
	journaltitle = {Review of educational research},
	author = {Feingold, Alan},
	date = {1992},
	note = {Publisher: Sage Publications Sage {CA}: Thousand Oaks, {CA}},
	file = {Full Text:C\:\\Users\\Admin\\Zotero\\storage\\WRH5BGAI\\Feingold - 1992 - Sex differences in variability in intellectual abi.pdf:application/pdf;Snapshot:C\:\\Users\\Admin\\Zotero\\storage\\MBRNHK82\\00346543062001061.html:text/html},
	doi = {10.3102/00346543062001061},
}

@article{finch_reporting_2001,
	title = {Reporting of statistical inference in the Journal of Applied Psychology: Little evidence of reform.},
	volume={61},
	number={2},
	pages={181–210},
	journaltitle = {Educational and Psychological Measurement},
	author = {Finch, Sue and Cumming, Geoff and Thomason, Neil},
	date = {2001},
			doi = {10.1177/00131640121971167}
}

@article{funder_evaluating_2019,
	title = {Evaluating effect size in psychological research: Sense and nonsense},
	volume = {2},
	shorttitle = {Evaluating effect size in psychological research},
	pages = {156--168},
	number = {2},
	journaltitle = {Advances in Methods and Practices in Psychological Science},
	author = {Funder, David C. and Ozer, Daniel J.},
	date = {2019},
			doi = {10.1177/2515245919847202}
}

@article{gignac_effect_2016,
	title = {Effect size guidelines for individual differences researchers},
	volume = {102},
	pages = {74-78},
	journaltitle = {Personality and Individual Differences},
	author = {Gignac, Gilles E. and Szodorai, Eva T.},
	date = {2016},
	note = {Publisher: Elsevier},
	file = {Full Text:C\:\\Users\\Admin\\Zotero\\storage\\9U8S52IB\\Gignac et Szodorai - 2016 - Effect size guidelines for individual differences .pdf:application/pdf;Snapshot:C\:\\Users\\Admin\\Zotero\\storage\\AA96IT57\\S0191886916308194.html:text/html},
			doi = {10.1016/j.paid.2016.06.069}
}

@article{glass_consequences_1972,
	title = {Consequences of failure to meet assumptions underlying the fixed effects analyses of variance and covariance},
	volume = {42},
	pages = {237-288},
	number = {3},
	journaltitle = {Review of Educational Research},
	author = {Glass, Gene V. and Peckham, Percy D. and Sanders, James R.},
	date = {1972},
			doi = {10.3102/00346543042003237}
}

@article{goertzen_detecting_2010,
  title = {Detecting a Lack of Association: {{An}} Equivalence Testing Approach},
  volume = {63},
  issn = {00071102},
  shorttitle = {Detecting a Lack of Association},
  doi = {10.1348/000711009X475853},
  language = {en},
  number = {3},
  journal = {British Journal of Mathematical and Statistical Psychology},
  author = {Goertzen, Jason R. and Cribbie, Robert A.},
  month = nov,
  year = {2010},
  pages = {527-537}
}

@article{golinski_expanding_2009,
	title = {The expanding role of quantitative methodologists in advancing psychology.},
	volume = {50},
	pages = {83-90},
	number = {2},
	journaltitle = {Canadian Psychology/Psychologie canadienne},
	author = {Golinski, Caroline and Cribbie, Robert A.},
	date = {2009},
			doi = {10.1037/a0015180}
}

@article{goulet-pelletier_review_2018,
	title = {A review of effect sizes and their confidence intervals, Part I: The Cohen’s \emph{d} family},
	volume = {14},
	shorttitle = {A review of effect sizes and their confidence intervals, Part I},
	pages = {242-265},
	number = {4},
	journaltitle = {The Quantitative Methods for Psychology},
	author = {Goulet-Pelletier, Jean-Christophe and Cousineau, Denis},
	date = {2018},
	note = {Publisher: The Quantitative Methods for Psychology},
	file = {Full Text:C\:\\Users\\Admin\\Zotero\\storage\\UUA3CWUC\\Goulet-Pelletier et Cousineau - 2018 - A review of effect sizes and their confidence inte.pdf:application/pdf},
			doi = {10.20982/tqmp.14.4.p242}
}

@article{greenhouse_methods_1959,
	title = {On methods in the analysis of profile data},
	volume = {24},
	pages = {95--112},
	number = {2},
	journaltitle = {Psychometrika},
	author = {Greenhouse, Samuel W. and Geisser, Seymour},
	date = {1959},
	note = {Publisher: Springer},
	file = {Full Text:C\:\\Users\\Admin\\Zotero\\storage\\XD2D9JZI\\Greenhouse et Geisser - 1959 - On methods in the analysis of profile data.pdf:application/pdf;Snapshot:C\:\\Users\\Admin\\Zotero\\storage\\KVRQRKNN\\BF02289823.html:text/html},
			doi = {10.1007/BF02289823}
}

@article{grissom_heterogeneity_2000,
	title = {Heterogeneity of variance in clinical data.},
	volume = {68},
	pages = {155-165},
	number = {1},
	journaltitle = {Journal of Consulting and Clinical Psychology},
	author = {Grissom, Robert J.},
	date = {2000},
			doi = {10.1037/0022-006X.68.1.155}
}

@article{grissom_review_2001,
	title = {Review of assumptions and problems in the appropriate conceptualization of effect size.},
	volume = {6},
	pages = {135-146},
	number = {2},
	journaltitle = {Psychological Methods},
	author = {Grissom, Robert J. and Kim, John J.},
	date = {2001},
			doi = {10.1037/1082-989X.6.2.135}
}

@article{hanushek_does_2006,
	title = {Does educational tracking affect performance and inequality? Differences-in-differences evidence across countries},
	volume = {116},
	shorttitle = {Does educational tracking affect performance and inequality?},
	pages = {C63--C76},
	number = {510},
	journaltitle = {The Economic Journal},
	author = {Hanushek, Eric A. and Wößmann, Ludger},
	date = {2006},
	note = {Publisher: Oxford University Press Oxford, {UK}},
	file = {Full Text:C\:\\Users\\Admin\\Zotero\\storage\\28W7TKUR\\Hanushek et W ößmann - 2006 - Does educational tracking affect performance and i.pdf:application/pdf},
	doi = {10.1111/j.1468-0297.2006.01076.x},
}

@article{hauck_new_1984,
  title = {A New Statistical Procedure for Testing Equivalence in Two-Group Comparative Bioavailability Trials},
  volume = {12},
  issn = {0090-466X},
  doi = {10.1007/BF01063612},
  abstract = {The clinical problem of testing for equivalence in comparative bioavailability trials is restated in terms of the proper statistical hypotheses. A simple t-test procedure for these hypotheses has been devloped that is more powerful than the methods based on usual (shortest) and symmetric confidence intervals. In this note, this new procedure is explained and an example is given, including the method for sample size determination.},
  language = {en},
  number = {1},
  journal = {Journal of Pharmacokinetics and Biopharmaceutics},
  author = {Hauck, Dr Walter W. and Anderson, Sharon},
  month = feb,
  year = {1984},
  keywords = {Pharmacology/Toxicology,Pharmacy,Veterinary Medicine,Biomedical Engineering,Biochemistry; general,bioavailability,bioequivalence,hypothesis tests,sample size determination},
  pages = {83-91},
  note = {00173}
}

@article{hartley_thoughts_2014,
	title = {Some thoughts on Likert-type scales},
	volume = {14},
	pages = {83-86},
	number = {1},
	journaltitle = {International Journal of Clinical and Health psychology},
	author = {Hartley, James},
	date = {2014},
	note = {Publisher: Elsevier},
	file = {Snapshot:C\:\\Users\\Admin\\Zotero\\storage\\76I4IB8P\\S1697260014700407.html:text/html},
			doi = {10.1016/S1697-2600(14)70040-7}
}

@article{harwell_summarizing_1992,
	title = {Summarizing Monte Carlo results in methodological research},
	volume = {17},
	pages = {297-313},
	number = {4},
	journaltitle = {Journal of Educational Statistics},
	author = {Harwell, Michael R.},
	date = {1992},
			doi = {10.3102/10769986017004297}
}

@article{hayes_further_2007,
	title = {Further evaluating the conditional decision rule for comparing two independent means},
	volume = {60},
	pages = {217-244},
	number = {2},
	journaltitle = {{B}ritish {J}ournal of {M}athematical and {S}tatistical {P}sychology},
	author = {Hayes, Andrew F. and Cai, Li},
	date = {2007},
	note = {Publisher: Wiley Online Library},
	file = {Snapshot:C\:\\Users\\Admin\\Zotero\\storage\\LR3M5Y2W\\000711005X62576.html:text/html},
	doi = {10.1348/000711005X62576}
}

@article{henrich_most_2010,
	title = {Most people are not {WEIRD}},
	volume = {466},
	pages = {29--29},
	number = {7302},
	journaltitle = {Nature},
	author = {Henrich, Joseph and Heine, Steven J. and Norenzayan, Ara},
	date = {2010},
	note = {Publisher: Nature Publishing Group},
	file = {Full Text:C\:\\Users\\Admin\\Zotero\\storage\\5DWZ2Z27\\466029a.html:text/html},
	doi= {10.1038/466029a},
}

@article{hoekstra_are_2012,
	title = {Are assumptions of well-known statistical techniques checked, and why (not)?},
	volume = {3},
	number = {137},
	pages = {1-9},
	journaltitle = {Frontiers in Psychology},
	author = {Hoekstra, Rink and Kiers, Henk and Johnson, Addie},
	date = {2012},
			doi = {10.3389/fpsyg.2012.00137}
}

@article{huynh_estimation_1976,
	title = {Estimation of the Box correction for degrees of freedom from sample data in randomized block and split-plot designs},
	volume = {1},
	pages = {69-82},
	number = {1},
	journaltitle = {Journal of Educational Statistics},
	author = {Huynh, Cam-Loi and Feldt, Leonard S.},
	date = {1976},
	note = {Publisher: {SAGE} Publications Sage {CA}: Thousand Oaks, {CA}},
	file = {Full Text:C\:\\Users\\Admin\\Zotero\\storage\\RZHPTSLK\\Huynh et Feldt - 1976 - Estimation of the Box correction for degrees of fr.pdf:application/pdf;Snapshot:C\:\\Users\\Admin\\Zotero\\storage\\TA2WVAD5\\10769986001001069.html:text/html},
			doi = {10.3102/10769986001001069}
}

@article{jamieson_likert_2004,
	title = {Likert scales: How to (ab)use them?},
	volume = {38},
	shorttitle = {Likert scales},
	pages = {1217-1218},
	number = {12},
	journaltitle = {Medical Education},
	author = {Jamieson, Susan},
	date = {2004},
	note = {Publisher: Blackwell},
	file = {Full Text:C\:\\Users\\Admin\\Zotero\\storage\\T7P63TUJ\\Jamieson - 2004 - Likert scales How to (ab) use them.pdf:application/pdf},
			doi = {10.1111/j.1365-2929.2004.02012.x}
}

@article{joshi_likert_2015,
	title = {Likert scale: Explored and explained},
	volume = {7},
	shorttitle = {Likert scale},
	pages = {396-403},
	number = {4},
	journaltitle = {British Journal of Applied Science $\&$ Technology},
	author = {Joshi, Ankur and Kale, Saket and Chandel, Satish and Pal, D. Kumar},
	date = {2015},
	note = {Publisher: {SCIENCEDOMAIN} International},
			doi = {10.9734/BJAST/2015/14975}
}

@article{kelley_effects_2005,
	title = {The effects of nonnormal distributions on confidence intervals around the standardized mean difference: Bootstrap and parametric confidence intervals},
	volume = {65},
	shorttitle = {The effects of nonnormal distributions on confidence intervals around the standardized mean difference},
	pages = {51-69},
	number = {1},
	journaltitle = {Educational and Psychological Measurement},
	author = {Kelley, Ken},
	date = {2005},
	note = {Publisher: Sage Publications Sage {CA}: Thousand Oaks, {CA}},
	file = {Full Text:C\:\\Users\\Admin\\Zotero\\storage\\XHPHU2IG\\Kelley - 2005 - The effects of nonnormal distributions on confiden.pdf:application/pdf;Snapshot:C\:\\Users\\Admin\\Zotero\\storage\\7884GVZ6\\0013164404264850.html:text/html},
			doi = {10.1177/0013164404264850}
}

@article{keselman_analysis_2001,
	title = {The analysis of repeated measures designs: A review},
	volume = {54},
	shorttitle = {The analysis of repeated measures designs},
	pages = {1--20},
	number = {1},
	journaltitle = {British Journal of Mathematical and Statistical Psychology},
	author = {Keselman, Harvey J. and Algina, James and Kowalchuk, Rhonda K.},
	date = {2001},
	note = {Publisher: Wiley Online Library},
	file = {Full Text:C\:\\Users\\Admin\\Zotero\\storage\\SQQJL6AT\\Keselman et al. - 2001 - The analysis of repeated measures designs A revie.pdf:application/pdf},
			doi = {10.1348/000711001159357}
}

@article{keselman_generally_2008,
	title = {A generally robust approach for testing hypotheses and setting confidence intervals for effect sizes.},
	volume = {13},
	pages = {110-129},
	number = {2},
	journaltitle = {Psychological Methods},
	author = {Keselman, Harvey J. and Algina, James and Lix, Lisa M. and Wilcox, Rand R. and Deering, Kathleen N.},
	date = {2008},
	note = {Publisher: American Psychological Association},
	file = {Full Text:C\:\\Users\\Admin\\Zotero\\storage\\KEXANPSQ\\Keselman et al. - 2008 - A generally robust approach for testing hypotheses.pdf:application/pdf;Snapshot:C\:\\Users\\Admin\\Zotero\\storage\\EZD582T8\\2008-06808-003.html:text/html},
			doi = {10.1037/1082-989X.13.2.110}
}

@article{keselman_statistical_1998,
	title = {Statistical practices of educational researchers: An analysis of their {ANOVA}, {MANOVA}, and {ANCOVA} analyses},
	volume = {68},
	shorttitle = {Statistical practices of educational researchers},
	pages = {350--386},
	number = {3},
	journaltitle = {Review of Educational Research},
	author = {Keselman, Harvey J. and Huberty, Carl J. and Lix, Lisa M. and Olejnik, Stephen and Cribbie, Robert A. and Donahue, Barbara and Kowalchuk, Rhonda K. and Lowman, Laureen L. and Petoskey, Martha D. and Keselman, Joanne C.},
	date = {1998},
			doi = {10.3102/00346543068003350}
}

@article{keselman_repeated_1980,
	title = {Repeated measures \emph{F} tests and psychophysiological research: Controlling the number of false positives},
	volume = {17},
	shorttitle = {Repeated measures \emph{F} tests and psychophysiological research},
	pages = {499--503},
	number = {5},
	journaltitle = {Psychophysiology},
	author = {Keselman, Harvey J. and Rogan, Joanne C.},
	date = {1980},
	note = {Publisher: Wiley Online Library},
	file = {Snapshot:C\:\\Users\\Admin\\Zotero\\storage\\SGUJUIAY\\j.1469-8986.1980.tb00190.html:text/html},
			doi = {10.1111/j.1469-8986.1980.tb00190.x}
}

@article{keselman_new_2004,
	title = {The new and improved two-sample t test},
	volume = {15},
	pages = {47--51},
	number = {1},
	journaltitle = {Psychological Science},
	author = {Keselman, Harvey J. and Othman, Abdul R. and Wilcox, Rand R. and Fradette, Katherine},
	date = {2004},
	note = {Publisher: {SAGE} Publications Sage {CA}: Los Angeles, {CA}},
	file = {Full Text:C\:\\Users\\Admin\\Zotero\\storage\\D7LMZTSU\\Keselman et al. - 2004 - The new and improved two-sample t test.pdf:application/pdf},
	doi = {10.1111/j.0963-7214.2004.01501008.x}
}
@article{kruschke_rejecting_2018,
  title = {Rejecting or {{Accepting Parameter Values}} in {{Bayesian Estimation}}},
  volume = {1},
  issn = {2515-2459},
  doi = {10.1177/2515245918771304},
  abstract = {This article explains a decision rule that uses Bayesian posterior distributions as the basis for accepting or rejecting null values of parameters. This decision rule focuses on the range of plausible values indicated by the highest density interval of the posterior distribution and the relation between this range and a region of practical equivalence (ROPE) around the null value. The article also discusses considerations for setting the limits of a ROPE and emphasizes that analogous considerations apply to setting the decision thresholds for p values and Bayes factors.},
  language = {en},
  number = {2},
  journal = {Advances in Methods and Practices in Psychological Science},
  author = {Kruschke, John K.},
  month = jun,
  year = {2018},
  pages = {270-280}
}

@article{kulinskaya_confidence_2007,
	title = {Confidence intervals for the standardized effect arising in the comparison of two normal populations},
	volume = {26},
	pages = {2853-2871},
	number = {14},
	journaltitle = {Statistics in medicine},
	author = {Kulinskaya, Elena and Staudte, Robert G.},
	date = {2007},
	note = {Publisher: Wiley Online Library},
	file = {Snapshot:C\:\\Users\\Admin\\Zotero\\storage\\ECD2F56X\\sim.html:text/html},
			doi = {10.1002/sim.2751}
}

@article{lakens_calculating_2013,
	title = {Calculating and reporting effect sizes to facilitate cumulative science: a practical primer for \emph{t}-tests and {ANOVAs}},
	volume = {4},
	shorttitle = {Calculating and reporting effect sizes to facilitate cumulative science},
	number={863},
	pages = {1-12},
	journaltitle = {Frontiers in psychology},
	author = {Lakens, Daniël},
	date = {2013},
			doi = {10.3389/fpsyg.2013.00863}
}

@article{lakens_reproducibility_2016,
	title = {On the reproducibility of meta-analyses: Six practical recommendations},
	volume = {4},
	shorttitle = {On the reproducibility of meta-analyses},
	pages = {1--10},
	number = {1},
	journaltitle = {{BMC} psychology},
	author = {Lakens, Daniël and Hilgard, Joe and Staaks, Janneke},
	date = {2016},
	note = {Publisher: {BioMed} Central},
	file = {Full Text:C\:\\Users\\Admin\\Zotero\\storage\\L5KFIGLC\\s40359-016-0126-3.html:text/html},
	doi = {10.1186/s40359-016-0126-3}
}

@article{lakens_equivalence_2017,
	title = {Equivalence tests: A practical primer for \emph{t} tests, correlations, and meta-analyses},
	volume = {8},
	shorttitle = {Equivalence tests},
	pages = {355-362},
	number = {4},
	journaltitle = {Social Psychological and Personality Science},
	author = {Lakens, Daniël},
	date = {2017},
			doi = {10.1177/1948550617697177}
}

@article{lakens_equivalence_2018,
	title = {Equivalence testing for psychological research: A tutorial},
	volume = {1},
	shorttitle = {Equivalence testing for psychological research},
	pages = {259-269},
	number = {2},
	journaltitle = {Advances in Methods and Practices in Psychological Science},
	author = {Lakens, Daniël and Scheel, Anne M. and Isager, Peder M.},
	date = {2018},
			doi = {10.1177/2515245918770963}
}

@article{lane_assumption_2016,
	title = {The assumption of sphericity in repeated-measures designs: What it means and what to do when it is violated},
	volume = {12},
	number = {2},
	shorttitle = {The assumption of sphericity in repeated-measures designs},
	pages = {114-122},
	journaltitle = {Quantitative Methods for Psychology},
	author = {Lane, D.},
	date = {2016},
	file = {Full Text:C\:\\Users\\Admin\\Zotero\\storage\\97L6RQYV\\Lane - 2016 - The assumption of sphericity in repeated-measures .pdf:application/pdf},
			doi = {10.20982/tqmp.12.2.p114}
}

@article{lim_comparison_1996,
	title = {A comparison of tests of equality of variances},
	volume = {22},
	pages = {287--301},
	number = {3},
	journaltitle = {Computational Statistics $\&$ Data Analysis},
	author = {Lim, Tjen-Sien and Loh, Wei-Yin},
	date = {1996},
	note = {Publisher: Elsevier},
	file = {Snapshot:C\:\\Users\\Admin\\Zotero\\storage\\GYIIE28A\\0167947395000542.html:text/html},
	doi = {10.1016/0167-9473(95)00054-2}
}

@article{luh_approximate_2007,
	title = {Approximate sample size formulas for the two-sample trimmed mean test with unequal variances},
	volume = {60},
	pages = {137--146},
	number = {1},
	journaltitle = {British Journal of Mathematical and Statistical Psychology},
	author = {Luh, Wei-Ming and Guo, Jiin-Huarng},
	date = {2007},
	note = {Publisher: Wiley Online Library},
	file = {Full Text:C\:\\Users\\Admin\\Zotero\\storage\\MVMWU39N\\Luh et Guo - 2007 - Approximate sample size formulas for the two-sampl.pdf:application/pdf;Snapshot:C\:\\Users\\Admin\\Zotero\\storage\\EHL85EKQ\\000711006X100491.html:text/html},
	doi = {10.1348/000711006X100491}
}

@article{mccall_bias_1973,
	title = {Bias in the analysis of repeated-measures designs: Some alternative approaches},
	shorttitle = {Bias in the analysis of repeated-measures designs},
	pages = {401-415},
	journaltitle = {Child Development},
	author = {{McCall}, Robert B. and Appelbaum, Mark I.},
	date = {1973},
	note = {Publisher: {JSTOR}},
	file = {Snapshot:C\:\\Users\\Admin\\Zotero\\storage\\K6EC7HSJ\\1127993.html:text/html},
			doi = {10.2307/1127993}
}

@article{meyners_equivalence_2012,
	title = {Equivalence tests–A review},
	volume = {26},
	pages = {231--245},
	number = {2},
	journaltitle = {Food Quality and Preference},
	author = {Meyners, Michael},
	date = {2012},
			doi = {10.1016/j.foodqual.2012.05.003}
}

@article{micceri_unicorn_1989,
	title = {The unicorn, the normal curve, and other improbable creatures.},
	volume = {105},
	pages = {156-166},
	number = {1},
	journaltitle = {Psychological Bulletin},
	author = {Micceri, Theodore},
	date = {1989},
			doi = {10.1037/0033-2909.105.1.156}
}

@article{mills_quantitative_2010,
	title = {Quantitative methodology research: Is it on psychologists’ reading lists?},
	shorttitle = {Quantitative methodology research},
	author = {Mills, Laura and Abdulla, Eva and Cribbie, Robert},
	date = {2010},
			doi = {10.20982/tqmp.06.2.p052}
}

@article{moser_homogeneity_1992,
	title = {Homogeneity of variance in the two-sample means test},
	volume = {46},
	pages = {19--21},
	number = {1},
	journaltitle = {The American Statistician},
	author = {Moser, Barry K. and Stevens, Gary R.},
	date = {1992},
	note = {Publisher: Taylor \& Francis},
	file = {Full Text:C\:\\Users\\Admin\\Zotero\\storage\\ZD8M4PEC\\Moser et Stevens - 1992 - Homogeneity of variance in the two-sample means te.pdf:application/pdf;Snapshot:C\:\\Users\\Admin\\Zotero\\storage\\74UCJMRP\\00031305.1992.html:text/html},
	doi = {}
}

@article{nachar_mann-whitney_2008,
	title = {The Mann-Whitney U: A test for assessing whether two independent samples come from the same distribution},
	volume = {4},
	shorttitle = {The Mann-Whitney U},
	pages = {13--20},
	number = {1},
	journaltitle = {Tutorials in quantitative Methods for Psychology},
	author = {Nachar, Nadim},
	date = {2008},
	file = {Full Text:C\:\\Users\\Admin\\Zotero\\storage\\YWQUJ5UG\\Nachar - 2008 - The Mann-Whitney U A test for assessing whether t.pdf:application/pdf}
}

@article{neuhauser_distribution-free_2009,
	title = {Distribution-free two-sample comparisons in the case of heterogeneous variances},
	volume = {63},
	pages = {617--623},
	number = {4},
	journaltitle = {Behavioral Ecology and Sociobiology},
	author = {Neuhäuser, Markus and Ruxton, Graeme D.},
	date = {2009},
	note = {Publisher: Springer},
	file = {Full Text:C\:\\Users\\Admin\\Zotero\\storage\\UCYWU9X9\\s00265-008-0683-4.html:text/html},
	doi = {10.1007/s00265-008-0683-4}
}

@article{nickerson_null_2000,
	title = {Null hypothesis significance testing: a review of an old and continuing controversy.},
	volume = {5},
	shorttitle = {Null hypothesis significance testing},
	pages = {241-301},
	number = {2},
	journaltitle = {Psychological Methods},
	author = {Nickerson, Raymond S.},
	date = {2000},
			doi = {10.1037/1082-989x.5.2.241}
}

@article{Nimon_2012,
  title = {Statistical assumptions of substantive analyses across the general linear model: A mini-review},
  doi = {10.3389/fpsyg.2012.00322},
  language = {en},
  author = {Nimon, K. F.},
  journal = {Frontiers in psychology},
  volume = {3},
  number= {322},
  year = {2012},
  pages = {1-5},
}

@article{nordstokke_cautionary_2007,
	title = {A Cautionary Tale about Levene's Tests for Equal Variances.},
	volume = {7},
	pages = {1--14},
	number = {1},
	journaltitle = {Journal of Educational Research $\&$ Policy Studies},
	author = {Nordstokke, David W. and Zumbo, Bruno D.},
	date = {2007},
	note = {Publisher: {ERIC}},
	file = {Full Text:C\:\\Users\\Admin\\Zotero\\storage\\2ZX6FBGB\\Nordstokke et Zumbo - 2007 - A Cautionary Tale about Levene's Tests for Equal V.pdf:application/pdf;Snapshot:C\:\\Users\\Admin\\Zotero\\storage\\QF4E4ULQ\\eric.ed.gov.html:text/html},
	doi = {}
}

@article{nunnally_place_1960,
	title = {The place of statistics in psychology},
	volume = {20},
	pages = {641-650},
	number = {4},
	journaltitle = {Educational and Psychological Measurement},
	author = {Nunnally, Jum},
	date = {1960},
			doi = {10.1177/001316446002000401}
}

@article{obrien_manova_1985,
	title = {{MANOVA} method for analyzing repeated measures designs: an extensive primer.},
	volume = {97},
	shorttitle = {{MANOVA} method for analyzing repeated measures designs},
	pages = {316-333},
	number = {2},
	journaltitle = {Psychological Bulletin},
	author = {O'Brien, Ralph G. and Kaiser, Mary K.},
	date = {1985},
	note = {Publisher: American Psychological Association},
	file = {Full Text:C\:\\Users\\Admin\\Zotero\\storage\\ZGRCKXVD\\O'Brien et Kaiser - 1985 - MANOVA method for analyzing repeated measures desi.pdf:application/pdf},
			doi = {10.1037/0033-2909.97.2.316}
}

@article{Overall_et_al_1995,
  title = {Tests that are robust against variance heterogeneity in k x 2 designs with unequal cell frequencies},
  doi = {10.2466/pr0.1995.76.3.1011},
  language = {en},
  author = {Overall, J. E. and Atlas, R. S. and Gibson, J. M.},
  journal = {Psychological Reports},
  volume = {76},
  number = {3},
  year = {1995},
  pages = {1011-1017},
}

@article{pek_reporting_2018,
	title = {Reporting effect sizes in original psychological research: A discussion and tutorial.},
	volume = {23},
	shorttitle = {Reporting effect sizes in original psychological research},
	pages = {208-225},
	number = {2},
	journaltitle = {Psychological Methods},
	author = {Pek, Jolynn and Flora, David B.},
	date = {2018},
			doi = {10.1037/met0000126}
}

@article{peng_beyond_2014,
	title = {Beyond Cohen's \emph{d}: Alternative effect size measures for between-subject designs},
	volume = {82},
	shorttitle = {Beyond Cohen's \emph{d}},
	pages = {22--50},
	number = {1},
	journaltitle = {The Journal of Experimental Education},
	author = {Peng, Chao-Ying Joanne and Chen, Li-Ting},
	date = {2014},
	note = {Publisher: Taylor $\&$ Francis},
	file = {Snapshot:C\:\\Users\\Admin\\Zotero\\storage\\EGY7U8RP\\00220973.2012.html:text/html},
			doi = {10.1080/00220973.2012.745471}
}

@article{peng_impact_2013,
	title = {The impact of {APA} and {AERA} guidelines on effect size reporting},
	volume = {25},
	pages = {157--209},
	number = {2},
	journaltitle = {Educational Psychology Review},
	author = {Peng, Chao-Ying Joanne and Chen, Li-Ting and Chiang, Hsu-Min and Chiang, Yi-Chen},
	date = {2013},
			doi = {10.1007/s10648-013-9218-2}
}

@article{prentice_when_1992,
	title = {When small effects are impressive.},
	volume = {112},
	pages = {160-164},
	number = {1},
	journaltitle = {Psychological Bulletin},
	author = {Prentice, Deborah A. and Miller, Dale T.},
	date = {1992},
	note = {Publisher: American Psychological Association},
	file = {Full Text:C\:\\Users\\Admin\\Zotero\\storage\\HJ56HPUX\\Prentice et Miller - 1992 - When small effects are impressive..pdf:application/pdf;Snapshot:C\:\\Users\\Admin\\Zotero\\storage\\7RWASWXY\\1992-37703-001.html:text/html},
			doi = {10.1037/0033-2909.112.1.160}
}

@article{quertemont_how_2011,
	title = {How to statistically show the absence of an effect},
	volume = {51},
	pages = {109-127},
	number = {2},
	journaltitle = {Psychologica Belgica},
	author = {Quertemont, Etienne},
	date = {2011},
			doi = {10.5334/pb-51-2-109}
}

@article{quintana_monte_1994,
	title = {A Monte Carlo comparison of seven $\varepsilon$-adjustment procedures in repeated measures designs with small sample sizes},
	volume = {19},
	pages = {57-71},
	number = {1},
	journaltitle = {Journal of Educational Statistics},
	author = {Quintana, Stephen M. and Maxwell, Scott E.},
	date = {1994},
	note = {Publisher: Sage Publications Sage {CA}: Los Angeles, {CA}},
	file = {Full Text:C\:\\Users\\Admin\\Zotero\\storage\\4345KGBW\\Quintana et Maxwell - 1994 - A Monte Carlo comparison of seven ε-adjustment pro.pdf:application/pdf;Snapshot:C\:\\Users\\Admin\\Zotero\\storage\\RQF7NKCL\\10769986019001057.html:text/html},
			doi = {10.3102/10769986019001057}
}

@article{rasch_two-sample_2011,
	title = {The two-sample \emph{t} test: pre-testing its assumptions does not pay off},
	volume = {52},
	shorttitle = {The two-sample t test},
	pages = {219-231},
	number = {1},
	journaltitle = {Statistical papers},
	author = {Rasch, Dieter and Kubinger, Klaus D. and Moder, Karl},
	date = {2011},
			doi = {10.1007/s00362-009-0224-x}
}

@article{rogers_using_1993,
	title = {Using significance tests to evaluate equivalence between two experimental groups.},
	volume = {113},
	pages = {553-565},
	number = {3},
	journaltitle = {Psychological Bulletin},
	author = {Rogers, James L. and Howard, Kenneth I. and Vessey, John T.},
	date = {1993},
			doi = {10.1037/0033-2909.113.3.553}
}

@article{ruxton_unequal_2006,
	title = {The unequal variance \emph{t}-test is an underused alternative to Student's \emph{t}-test and the Mann–Whitney \emph{U} test},
	volume = {17},
	pages = {688--690},
	number = {4},
	journaltitle = {Behavioral Ecology},
	author = {Ruxton, Graeme D.},
	date = {2006},
			doi = {10.1093/beheco/ark016}
}

@article{schuirmann_comparison_1987,
	title = {A comparison of the two one-sided tests procedure and the power approach for assessing the equivalence of average bioavailability},
	volume = {15},
	pages = {657-680},
	number = {6},
	journaltitle = {Journal of Pharmacokinetics and Biopharmaceutics},
	author = {Schuirmann, Donald J.},
	date = {1987},
}

@article{shaw_anova_1993,
	title = {{ANOVA} for unbalanced data: an overview},
	volume = {74},
	shorttitle = {{ANOVA} for unbalanced data},
	pages = {1638--1645},
	number = {6},
	journaltitle = {Ecology},
	author = {Shaw, Ruth G. and Mitchell-Olds, Thomas},
	date = {1993},
	note = {Publisher: Wiley Online Library},
	file = {Full Text:C\:\\Users\\Admin\\Zotero\\storage\\CSDC992Y\\Shaw et Mitchell-Olds - 1993 - ANOVA for unbalanced data an overview.pdf:application/pdf},
	doi = {10.2307/1939922}
}
@article{zimmerman_properties_1996,
	title = {Some properties of preliminary tests of equality of variances in the two-sample location problem},
	volume = {123},
	pages = {217--231},
	number = {3},
	journaltitle = {The Journal of General Psychology},
	author = {Zimmerman, Donald W.},
	date = {1996},
	note = {Publisher: Taylor \& Francis},
	file = {Snapshot:C\:\\Users\\Admin\\Zotero\\storage\\IQZM8ZLA\\00221309.1996.html:text/html},
	doi = {10.1080/00221309.1996.9921274},
}

@article{seaman_equivalence_1998,
	title = {Equivalence confidence intervals for two-group comparisons of means.},
	volume = {3},
	pages = {403-411},
	number = {4},
	journaltitle = {Psychological Methods},
	author = {Seaman, Michael A. and Serlin, Ronald C.},
	date = {1998},
	note = {Publisher: American Psychological Association},
	file = {Snapshot:C\:\\Users\\Admin\\Zotero\\storage\\KDWQ9KEK\\1998-11538-001.html:text/html},
			doi = {10.1037/1082-989X.3.4.403}
}

@article{serlin_rationality_1985,
  title = {Rationality in Psychological Research: {{The}} Good-Enough Principle.},
  volume = {40},
  shorttitle = {Rationality in Psychological Research},
  doi = {http://dx.doi.org/10.1037/0003-066X.40.1.73},
  number = {1},
  journal = {American Psychologist},
  author = {Serlin, Ronald C. and Lapsley, Daniel K.},
  year = {1985},
  pages = {73-83},
  note = {00221}
}

@article{shieh_confidence_2013,
	title = {Confidence intervals and sample size calculations for the standardized mean difference effect size between two normal populations under heteroscedasticity},
	volume = {45},
	pages = {955--967},
	number = {4},
	journaltitle = {Behavior Research Methods},
	author = {Shieh, Gwowen},
	date = {2013},
			doi = {10.3758/s13428-013-0320-7}
}

@article{shields_functionalism_1975,
	title = {Functionalism, Darwinism, and the psychology of women.},
	volume = {30},
	pages = {739–754},
	number = {7},
	journaltitle = {American Psychologist},
	author = {Shields, Stephanie},
	date = {1975},
	note = {Publisher: American Psychological Association},
	file = {Full Text:C\:\\Users\\Admin\\Zotero\\storage\\4ZFJD6BA\\Shields - 1975 - Functionalism, Darwinism, and the psychology of wo.pdf:application/pdf;Snapshot:C\:\\Users\\Admin\\Zotero\\storage\\I7FCTTSD\\1975-29522-001.html:text/html},
	doi = {10.1037/h0076948},
}

@article{simonsohn_p-curve_2014,
	title = {\emph{P}-curve: a key to the file-drawer.},
	volume = {143},
	shorttitle = {P-curve},
	pages = {534-547},
	number = {2},
	journaltitle = {Journal of Experimental Psychology: General},
	author = {Simonsohn, Uri and Nelson, Leif D. and Simmons, Joseph P.},
	date = {2014},
	note = {Publisher: American Psychological Association},
	file = {Full Text:C\:\\Users\\Admin\\Zotero\\storage\\9SFGLD7R\\Simonsohn et al. - 2014 - P-curve a key to the file-drawer..pdf:application/pdf;Snapshot:C\:\\Users\\Admin\\Zotero\\storage\\YDDBRBB7\\doiLanding.html:text/html},
			doi = {10.1037/a0033242}
}

@article{spiegelhalter_bayesian_1994,
  title = {Bayesian Approaches to Randomized Trials},
  doi = {10.2307/2983527},
  volume={157},
  number={3},
  journal = {Journal of the Royal Statistical Society. Series A (Statistics in Society)},
  author = {Spiegelhalter, David J. and Freedman, Laurence S. and Parmar, Mahesh KB},
  year = {1994},
  pages = {357--416},
  note = {00636}
}

@article{stout_assessing_1995,
	title = {Assessing the practical significance of empirical results in accounting education research: The use of effect size information},
	volume = {13},
	shorttitle = {Assessing the practical significance of empirical results in accounting education research},
	pages = {281--298},
	number = {3},
	journaltitle = {Journal of Accounting Education},
	author = {Stout, David E. and Ruble, Thomas L.},
	date = {1995},
	note = {Publisher: Elsevier},
	file = {Snapshot:C\:\\Users\\Admin\\Zotero\\storage\\BF2XBVZK\\074857519500010J.html:text/html},
			doi = {10.1016/0748-5751(95)00010-J}
}

@article{student_probable_1908,
	title = {The probable error of a mean},
	pages = {1--25},
	volume = {6},
	number = {1},
	journaltitle = {Biometrika},
	author = {{Student}},
	date = {1908},
}

@article{subedi_using_2016,
	title = {Using Likert type data in social science research: Confusion, issues and challenges},
	volume = {3},
	shorttitle = {Using Likert type data in social science research},
	pages = {36--49},
	number = {2},
	journaltitle = {International journal of contemporary applied sciences},
	author = {Subedi, Basu Prasad},
	date = {2016},
	note = {Publisher: {StudyLib} Canberra, Australia},
	file = {Full Text:C\:\\Users\\Admin\\Zotero\\storage\\BN4SAFZA\\Subedi - 2016 - Using Likert type data in social science research.pdf:application/pdf},
			doi = {}
}

@article{sullivan_using_2012,
	title = {Using effect size—or why the \emph{P} value is not enough},
	volume = {4},
	pages = {279-282},
	number = {3},
	journaltitle = {Journal of Graduate Medical Education},
	author = {Sullivan, Gail M. and Feinn, Richard},
	date = {2012},
	note = {Publisher: The Accreditation Council for Graduate Medical Education Suite 2000, 515 …},
	file = {Full Text:C\:\\Users\\Admin\\Zotero\\storage\\F9YMF7CG\\PMC3444174.html:text/html;Snapshot:C\:\\Users\\Admin\\Zotero\\storage\\DL6EN3A2\\Using-Effect-Size-or-Why-the-P-Value-Is-Not-Enough.html:text/html},
			doi = {10.4300/JGME-D-12-00156.1}
}

@article{thompson_statistical_1997,
	title = {Statistical significance testing practices in the Journal of Experimental Education},
	volume = {66},
	pages = {75-83},
	number = {1},
	journaltitle = {The Journal of Experimental Education},
	author = {Thompson, Bruce and Snyder, Patricia A.},
	date = {1997},
			doi = {10.1080/00220979709601396}
}

@article{tiku_power_1971,
	title = {Power function of the \emph{F}-test under non-normal situations},
	volume = {66},
	pages = {913-916},
	number = {336},
	journaltitle = {Journal of the American Statistical Association},
	author = {Tiku, Moti Lal},
	date = {1971},
			doi = {10.1080/01621459.1971.10482371}
}

@article{tomczak_need_2014,
	title = {The need to report effect size estimates revisited. An overview of some recommended measures of effect size.},
	volume = {21},
	number = {1},
	pages = {19-25},
	journaltitle = {Trends in Sport Sciences},
	author = {Tomczak, Maciej and Tomczak, Ewa},
	date = {2014},
			doi = {}
}

@article{vasey_continuing_1987,
	title = {The continuing problem of false positives in repeated measures {ANOVA} in psychophysiology: A multivariate solution},
	volume = {24},
	shorttitle = {The continuing problem of false positives in repeated measures {ANOVA} in psychophysiology},
	pages = {479-486},
	number = {4},
	journaltitle = {Psychophysiology},
	author = {Vasey, Michael W. and Thayer, Julian F.},
	date = {1987},
	note = {Publisher: Wiley Online Library},
	file = {Full Text:C\:\\Users\\Admin\\Zotero\\storage\\CCRQ9W45\\Vasey et Thayer - 1987 - The continuing problem of false positives in repea.pdf:application/pdf;Snapshot:C\:\\Users\\Admin\\Zotero\\storage\\JG3WBU4K\\j.1469-8986.1987.tb00324.html:text/html},
			doi = {10.1111/j.1469-8986.1987.tb00324.x}
}

@article{wallenstein_statistical_1980,
	title = {Some statistical methods useful in circulation research.},
	volume = {47},
	pages = {1--9},
	number = {1},
	journaltitle = {Circulation Research},
	author = {Wallenstein, {SYLVAN} and Zucker, Christine L. and Fleiss, {JOSEPH} L.},
	date = {1980},
	note = {Publisher: Am Heart Assoc},
	file = {Full Text:C\:\\Users\\Admin\\Zotero\\storage\\S2V7AD6S\\Wallenstein et al. - 1980 - Some statistical methods useful in circulation res.pdf:application/pdf},
	doi = {10.1161/01.RES.47.1.1}
}

@article{wang_effect_2012,
	title = {Effect of population size and unbalanced data sets on {QTL} detection using genome-wide association mapping in barley breeding germplasm},
	volume = {124},
	pages = {111--124},
	number = {1},
	journaltitle = {Theoretical and Applied Genetics},
	author = {Wang, Hongyun and Smith, Kevin P. and Combs, Emily and Blake, Tom and Horsley, Richard D. and Muehlbauer, Gary J.},
	date = {2012},
	note = {Publisher: Springer},
	file = {Full Text:C\:\\Users\\Admin\\Zotero\\storage\\RRFHEUN9\\s00122-011-1691-8.html:text/html},
}

@article{welch_significance_1938,
	title = {The significance of the difference between two means when the population variances are unequal},
	volume = {29},
	pages = {350-362},
	number = {3},
	journaltitle = {Biometrika},
	author = {Welch, Bernard L.},
	date = {1938},
	note = {Publisher: {JSTOR}},
	file = {Full Text:C\:\\Users\\Admin\\Zotero\\storage\\52QWGZC2\\Welch - 1938 - The significance of the difference between two mea.pdf:application/pdf;Snapshot:C\:\\Users\\Admin\\Zotero\\storage\\SGW3RMK7\\2332010.html:text/html},
			doi = {10.2307/2332010}
}

@article{westlake_use_1972,
  title = {Use of {{Confidence Intervals}} in {{Analysis}} of {{Comparative Bioavailability Trials}}},
  volume = {61},
  issn = {0022-3549},
  doi = {10.1002/JPS.2600610845},
  abstract = {Journal of Pharmaceutical Sciences, pharmacokinetics, biopharmaceutics, pharmacodynamics, drug development, protein-peptide chemistry, drug delivery},
  language = {English},
  number = {8},
  journal = {Journal of Pharmaceutical Sciences},
  author = {Westlake, Wilfred J.},
  month = aug,
  year = {1972},
  pages = {1340-1341},
  note = {00297}
}

@article{wilcox_results_1994,
	title = {Some results on the Tukey-{McLaughlin} and Yuen methods for trimmed means when distributions are skewed},
	volume = {36},
	pages = {259--273},
	number = {3},
	journaltitle = {Biometrical Journal},
	author = {Wilcox, Rand R.},
	date = {1994},
	note = {Publisher: Wiley Online Library},
	file = {Snapshot:C\:\\Users\\Admin\\Zotero\\storage\\3VISGS5Z\\bimj.html:text/html},
			doi = {10.1002/bimj.4710360302}
}

@article{wilcox_how_1998,
	title = {How many discoveries have been lost by ignoring modern statistical methods?},
	volume = {53},
	pages = {300-314},
	number = {3},
	journaltitle = {American Psychologist},
	author = {Wilcox, Rand R.},
	date = {1998},
			doi = {10.1037/0003-066X.53.3.300}
}

@article{wilcox_modern_2003,
	title = {Modern robust data analysis methods: measures of central tendency.},
	volume = {8},
	shorttitle = {Modern robust data analysis methods},
	pages = {254–274},
	number = {3},
	journaltitle = {Psychological methods},
	author = {Wilcox, Rand R. and Keselman, Harvey J.},
	date = {2003},
	note = {Publisher: American Psychological Association},
	file = {Full Text:C\:\\Users\\Admin\\Zotero\\storage\\RVIRW8P9\\Wilcox et Keselman - 2003 - Modern robust data analysis methods measures of c.pdf:application/pdf;Snapshot:C\:\\Users\\Admin\\Zotero\\storage\\CQJSDL43\\doiLanding.html:text/html},
	doi = {10.1037/1082-989X.8.3.254},
}

@article{wilcox_modern_2013,
	title = {Modern robust statistical methods: Basics with illustrations using psychobiological data},
	volume = {1},
	shorttitle = {Modern robust statistical methods},
	pages = {21--31},
	number = {2},
	journaltitle = {Universal Journal of Psychology},
	author = {Wilcox, Rand R. and Granger, Douglas A. and Clark, Florence},
	date = {2013},
}

@article{wilkinson_statistical_1999,
	title = {Statistical methods in psychology journals: Guidelines and explanations.},
	volume = {54},
	shorttitle = {Statistical methods in psychology journals},
	pages = {594-604},
	number = {8},
	journaltitle = {American Psychologist},
	author = {Wilkinson, Leland},
	date = {1999},
			doi = {10.1037/0003-066X.54.8.594}
}

@article{yuan_structural_2004,
	title = {Structural equation modeling with heavy tailed distributions},
	volume = {69},
	pages = {421-436},
	number = {3},
	journaltitle = {Psychometrika},
	author = {Yuan, Ke-Hai and Bentler, Peter M. and Chan, Wai},
	date = {2004},
}

@article{yuen_two-sample_1974,
	title = {The two-sample trimmed \emph{t} for unequal population variances},
	volume = {61},
	pages = {165--170},
	number = {1},
	doi={10.1093/biomet/61.1.165},
	journaltitle = {Biometrika},
	author = {Yuen, Karen K.},
	date = {1974},
	note = {Publisher: Oxford University Press},
	file = {Full Text:C\:\\Users\\Admin\\Zotero\\storage\\FGRJCSXC\\Yuen - 1974 - The two-sample trimmed t for unequal population va.pdf:application/pdf;Snapshot:C\:\\Users\\Admin\\Zotero\\storage\\HARZZRZX\\264376.html:text/html},
}

@article{zimmerman_statistical_2000,
	title = {Statistical significance levels of nonparametric tests biased by heterogeneous variances of treatment groups},
	volume = {127},
	pages = {354--364},
	number = {4},
	journaltitle = {The Journal of General Psychology},
	author = {Zimmerman, Donald W.},
	date = {2000},
	note = {Publisher: Taylor $\&$ Francis},
	file = {Full Text:C\:\\Users\\Admin\\Zotero\\storage\\3B4C8C8J\\Zimmerman - 2000 - Statistical significance levels of nonparametric t.pdf:application/pdf},
	doi = {10.1080/00221300009598589}
}

@article{zimmerman_note_2004,
	title = {A note on preliminary tests of equality of variances},
	volume = {57},
	pages = {173--181},
	number = {1},
	journaltitle = {British Journal of Mathematical and Statistical Psychology},
	author = {Zimmerman, Donald W.},
	date = {2004},
			doi = {10.1348/000711004849222}
}

@article{zumbo_investigation_1997,
	title = {Investigation of the robust rank-order test for non-normal populations with unequal variances: The case of reaction time.},
	volume = {51},
	shorttitle = {Investigation of the robust rank-order test for non-normal populations with unequal variances},
	pages = {139-150},
	number = {2},
	doi = {10.1037/1196-1961.51.2.139},
	journaltitle = {Canadian Journal of Experimental Psychology/Revue canadienne de psychologie expérimentale},
	author = {Zumbo, Bruno D. and Coulombe, Daniel},
	date = {1997},
	note = {Publisher: Canadian Psychological Association},
	file = {Snapshot:C\:\\Users\\Admin\\Zotero\\storage\\UDCKS3AS\\1997-07073-005.html:text/html},
}

@book{association_publication_2010,
	author = {{American Psychological Association}},
	date = {2010},
	title = {Publication manual of the American Psychological Association [{APA}]},
	edition = {6$^{e}$ éd.},
	location = {Washington, {DC}},
	publisher = {American Psychological Association}
}

@inbook{cohen_statistical_1965,
  author={Cohen, Jacob},
  year= {1965}, 
  chapter={Some statistical issues in psychological 
research}, 
  editor = {Wolmann,B.B.}, 
  title= {Some statistical issues in psychological research}, 
  booktitle= {Handbook of Clinical Psychology}, 
  publisher= {McGraw-Hill},
  pages       = {95-121},
  address= {New York, NY}, 
}

@book{cumming_understanding_2013,
	title = {Understanding the new statistics: Effect sizes, confidence intervals, and meta-analysis},
	shorttitle = {Understanding the new statistics},
	publisher = {Routledge},
	author = {Cumming, Geoff},
	date = {2013},
	file = {Full Text:C\:\\Users\\Admin\\Zotero\\storage\\NLPPM9CS\\Cumming - 2013 - Understanding the new statistics Effect sizes, co.pdf:application/pdf},
}

@book{efron_introduction_1994,
	author = {Efron, Bradley and Tibshirani, Robert J.},
	date = {1993},
	title = {An Introduction to the Bootstrap},
	location = {New York},
	publisher = {Chapman $\&$ Hall},
}

@book{ellis_essential_2010,
	author = {Ellis, Paul D.},
	date = {2010},
	title = {The essential guide to effect sizes: Statistical power, meta-analysis, and the interpretation of research results},
	location = {Cambridge, Royaume-Uni},
	publisher = {Cambridge University Press}
}

@book{everitt_statistics_2001,
	author = {Everitt, Brian S.},
	date = {2001},
	title = {Statistics for psychologists: An intermediate course},
	location = {Mahwah, NJ},
	publisher = {Lawrence Erlbaum Associates}
}

@book{field_discovering_2013,
	author = {Field, Andy},
	date = {2013},
	edition = {4$^{e}$ éd.},
	title = {Discovering statistics using {IBM} {SPSS} statistics},
	location = {Washington, DC},
	publisher = {Sage}
}

 @book{glass_meta-analysis_1981,
	author = {Glass, Gene V. and {McGaw}, B. and Smith, M.L.},
	date = {1981},
	title = {Meta-analysis in Social Research},
	location = {Beverly Hills, {CA}},
	publisher = {Sage}
}

@book{grissom_effect_2005,
	author = {Grissom, Robert J. and Kim, John J.},
	date = {2005},
	title = {Effect sizes for research: A broad practical approach},
	location = {Mahwah, NJ},
	publisher = {Lawrence Erlbaum Associates}
}

@book{haslam_research_2014,
	author = {Haslam, S. Alexander and {McGarty}, Craig},
	date = {2014},
	title = {Research methods and statistics in psychology},
		edition = {2$^{e}$ éd.},
	location = {Londres, Royaume-Uni},
	publisher = {Sage}
}

@book{hedges_statistical_1985,
	author = {Hedges, L. V. and Olkin, I.},
	date = {1985},
	title = {Statistical Methods for Meta-Analysis},
		edition = {},
	location = {Orlando, FL},
	publisher = {Academic Press}
}

@book{howitt_understanding_2017,
	author = {Howitt, Dennis and Cramer, Duncan},
	date = {2017},
	title = {Understanding statistics in psychology with {SPSS}},
		edition = {7$^{e}$ éd.},
	location = {Édimbourg},
	publisher = {Pearson Education}
}

@book{judd_analyse_2018,
	author = {Judd, Charles M. and {McClelland}, Gary H. and Ryan, Carey S. and Muller, Dominique and Yzerbyt, Vincent},
	date = {2010},
	title = {Analyse des données: une approche par comparaison de modèles},
		edition = {7$^{e}$ éd.},
	location = {Bruxelles},
	publisher = {De Boeck}
}

@book{Keppel_1991,
	author = {Keppel, G.},
	date = {1991},
	title = {Design and analysis: A researcher's handbook},
		edition = {3$^{e}$ éd.},
	location = {New Jersey},
	publisher = {Prentice-Hall, Inc.}
}

@book{kester_communication_1969,
	title = {The communication of teacher expectations and their effects on the achievement and attitudes of secondary school pupils},
	publisher = {The University of Oklahoma},
	author = {Kester, Scott Woodrow},
	date = {1969},
	file = {Full Text:C\:\\Users\\Admin\\Zotero\\storage\\VUMYX2CP\\Kester - 1969 - The communication of teacher expectations and thei.pdf:application/pdf},
}

@book{sheskin_handbook_2003,
	author = {Sheskin, D. J.},
	date = {2003},
	title = {Handbook of parametric and nonparametric statistical procedures},
		edition = {3$^{e}$ éd.},
	location = {Boca Raton, Florida},
	publisher = {CRC Press}
}

@book{murphy_statistical_2014,
  address = {New York},
  edition = {Fourth edition},
  title = {Statistical Power Analysis: A Simple and General Model for Traditional and Modern Hypothesis Tests},
  isbn = {978-1-84872-587-4 978-1-84872-588-1},
  lccn = {QA277 .M87 2014},
  shorttitle = {Statistical Power Analysis},
  publisher = {{Routledge, Taylor $\&$ Francis Group}},
  author = {Murphy, Kevin R. and Myors, Brett and Wolach, Allen H.},
  year = {2014},
  keywords = {Statistical power analysis,Statistical hypothesis testing},
  note = {01274}
}

@book{wackerly_mathematical_2008,
	author = {Wackerly, D.D. and Mendenhall, W. and Scheaffer, R.L},
	date = {2008},
	title = {Mathematical Statistics with Applications},
		edition = {7$^{e}$ éd.},
	location = {Belmont, {USA}},
	publisher = {Brooks/Cole}
}

@book{wellek_testing_2010,
  address = {Boca Raton},
  edition = {6$^{e}$ éd.},
  title = {Testing Statistical Hypotheses of Equivalence and Noninferiority},
  isbn = {978-1-4398-0818-4},
  lccn = {QA277 .W46 2010},
  publisher = {{CRC Press}},
  author = {Wellek, Stefan},
  year = {2010},
  keywords = {Statistical hypothesis testing},
}

@book{wilcox_introduction_2011,
	author = {Wilcox, Rand R.},
	date = {2011},
	title = {Introduction to robust estimation and hypothesis testing},
	edition = {2$^{e}$ éd.},
	location = {Cambridge, Massachusetts,
USA},
	publisher = {Academic press},
	doi={10.1016/B978-0-12-386983-8.00010-X}
}

@book{wilcox_modern_2017,
	title = {Modern statistics for the social and behavioral sciences: A practical introduction},
		location = {New York},
	publisher = {Chapman $\&$ Hall},
	author = {Wilcox, Rand R.},
	date = {2017},
}

@online{lakens_20_2016,
	title = {The 20\% Statistician: {TOST} equivalence testing R package ({TOSTER}) and spreadsheet},
	url = {http://daniellakens.blogspot.com/2016/12/tost-equivalence-testing-r-package.html},
	author = {Lakens, Daniël},
	urldate = {2021-06-25},
	date = {2016-12-09},
}

@online{rakotomalala_comparaison_2008,
	title = {Comparaison de populations},
	url = {https://eric.univ-lyon2.fr/~ricco/cours/cours/Comp_Pop_Tests_Nonparametriques.pdf},
	author = {Rakotomalala, Ricco},
	urldate = {2008},
	date = {2008},
}

@online{raviv_bias_2014,
	title = {Bias vs. Consistency},
	url = {https://eranraviv.com/bias-vs-consistency/},
	author = {Raviv, Eran},
	urldate = {2021-07-12},
	date = {2014-06-02},
}

@misc{coe_its_2002,
  author       = {Coe, Robert},
title = {It's the effect size, stupid: What effect size is and why it is important},
howpublished= {Papier présenté à la conférence annuelle de la British Educational Research Association, Université d'Exeter, Exeter, Royaume-Uni},
year = {2002},
  month        = {Septembre},

}

@misc{fraas_testing_2000,
  author       = {Fraas, John W. and Newman, Isadore},
title = {Testing for Statistical and Practical Significance: A Suggested Technique Using a Randomization Test},
howpublished= {Papier présenté à la réunion annuelle de la Mid-Western Educational Research Association, Chigago},
year = {2000},
  month        = {Octobre},
}

@misc{huynh_unified_1989,
  author       = {Huynh, Cam-Loi},
title = {A Unified Approach to the Estimation of Effect Size in Meta-Analysis},
howpublished= {Papier présenté à la réunion annuelle de l'American Educational Research Association, San Francisco, CA},
year = {1989},
  month        = {Mars},
}

@misc{newman_testing_2001,
  author       = {Newman, Isadore and Fraas, John W. and Herbert, Alan},
title = {Testing Non-Nil Null Hypotheses with \emph{t} Tests of Group Means: A Monte Carlo Study},
howpublished= {Papier présenté à la réunion annuelle de la Mid-Western Educational Research Association, Chigago, IL},
year = {2001},
  month        = {Octobre},
}

@misc{osborne_educational_2001,
  author       = {Osborne, Jason W. and Christianson, William R.},
title = {Educational Psychology from a Statistician's Perspective: A Review of the Quantitative Quality of Our Field},
howpublished= {Papier présenté à la réunion annuelle de l'American Educational Research Association, Seattle, WA},
year = {2001},
  month        = {Avril},
}




