
@article{nunnally_place_1960,
	title = {The place of statistics in psychology},
	volume = {20},
	number = {4},
	journal = {Educational and Psychological Measurement},
	author = {Nunnally, Jum},
	year = {1960},
	note = {Publisher: Sage Publications Sage CA: Thousand Oaks, CA},
	pages = {641--650},
	file = {Full Text:C\:\\Users\\Admin\\Zotero\\storage\\H8SCNT2S\\Nunnally - 1960 - The place of statistics in psychology.pdf:application/pdf;Snapshot:C\:\\Users\\Admin\\Zotero\\storage\\25K543C5\\001316446002000401.html:text/html},
}

@article{nunnally_place_1960-1,
	title = {The place of statistics in psychology},
	volume = {20},
	number = {4},
	journal = {Educational and Psychological Measurement},
	author = {Nunnally, Jum},
	year = {1960},
	pages = {641--650},
	annote = {Publisher: Sage Publications Sage CA: Thousand Oaks, CA},
	file = {Full Text:C\:\\Users\\Admin\\Zotero\\storage\\IHLVVLWH\\Nunnally - 1960 - The place of statistics in psychology.pdf:application/pdf;Snapshot:C\:\\Users\\Admin\\Zotero\\storage\\4FS9WIWT\\001316446002000401.html:text/html},
}

@article{hoekstra_are_2012,
	title = {Are assumptions of well-known statistical techniques checked, and why (not)?},
	volume = {3},
	journal = {Frontiers in psychology},
	author = {Hoekstra, Rink and Kiers, Henk and Johnson, Addie},
	year = {2012},
	note = {Publisher: Frontiers},
	pages = {137},
	file = {Full Text:C\:\\Users\\Admin\\Zotero\\storage\\D6JKU6UW\\full.html:text/html},
}

@article{sharpe_why_2013,
	title = {Why the resistance to statistical innovations? {Bridging} the communication gap.},
	volume = {18},
	shorttitle = {Why the resistance to statistical innovations?},
	number = {4},
	journal = {Psychological methods},
	author = {Sharpe, Donald},
	year = {2013},
	note = {Publisher: American Psychological Association},
	pages = {572},
	file = {Full Text:C\:\\Users\\Admin\\Zotero\\storage\\HUKU7VSN\\Sharpe - 2013 - Why the resistance to statistical innovations Bri.pdf:application/pdf;Snapshot:C\:\\Users\\Admin\\Zotero\\storage\\KEBZM3A6\\2013-34337-001.html:text/html},
}

@article{aiken_doctoral_2008,
	title = {Doctoral training in statistics, measurement, and methodology in psychology: {Replication} and extension of {Aiken}, {West}, {Sechrest}, and {Reno}'s (1990) survey of {PhD} programs in {North} {America}.},
	volume = {63},
	shorttitle = {Doctoral training in statistics, measurement, and methodology in psychology},
	number = {1},
	journal = {American Psychologist},
	author = {Aiken, Leona S. and West, Stephen G. and Millsap, Roger E.},
	year = {2008},
	note = {Publisher: American Psychological Association},
	pages = {32},
	file = {Snapshot:C\:\\Users\\Admin\\Zotero\\storage\\JDI2T3SY\\2007-19520-003.html:text/html},
}

@article{keselman_statistical_1998,
	title = {Statistical practices of educational researchers: {An} analysis of their {ANOVA}, {MANOVA}, and {ANCOVA} analyses},
	volume = {68},
	shorttitle = {Statistical practices of educational researchers},
	number = {3},
	journal = {Review of educational research},
	author = {Keselman, Harvey J. and Huberty, Carl J. and Lix, Lisa M. and Olejnik, Stephen and Cribbie, Robert A. and Donahue, Barbara and Kowalchuk, Rhonda K. and Lowman, Laureen L. and Petoskey, Martha D. and Keselman, Joanne C.},
	year = {1998},
	note = {Publisher: Sage Publications Sage CA: Thousand Oaks, CA},
	pages = {350--386},
	file = {Full Text:C\:\\Users\\Admin\\Zotero\\storage\\KGCV484Y\\Keselman et al. - 1998 - Statistical practices of educational researchers .pdf:application/pdf},
}

@article{golinski_expanding_2009,
	title = {The expanding role of quantitative methodologists in advancing psychology.},
	volume = {50},
	number = {2},
	journal = {Canadian Psychology/Psychologie canadienne},
	author = {Golinski, Caroline and Cribbie, Robert A.},
	year = {2009},
	note = {Publisher: Educational Publishing Foundation},
	pages = {83},
	file = {Full Text:C\:\\Users\\Admin\\Zotero\\storage\\7CNF87AN\\Golinski et Cribbie - 2009 - The expanding role of quantitative methodologists .pdf:application/pdf;Snapshot:C\:\\Users\\Admin\\Zotero\\storage\\L5SWH34A\\doiLanding.html:text/html},
}

@article{delacre_taking_2019,
	title = {Taking parametric assumptions seriously: {Arguments} for the use of {Welch}’s {F}-test instead of the classical {F}-test in one-way {ANOVA}},
	volume = {32},
	shorttitle = {Taking parametric assumptions seriously},
	number = {1},
	journal = {International Review of Social Psychology},
	author = {Delacre, Marie and Leys, Christophe and Mora, Youri L. and Lakens, Daniël},
	year = {2019},
	note = {Publisher: Ubiquity Press},
	file = {Full Text:C\:\\Users\\Admin\\Zotero\\storage\\M47FIPNE\\irsp.198.html:text/html},
}

@article{delacre_why_2017,
	title = {Why psychologists should by default use {Welch}’s t-test instead of {Student}’s t-test},
	volume = {30},
	number = {1},
	journal = {International Review of Social Psychology},
	author = {Delacre, Marie and Lakens, Daniel and Leys, Christophe},
	year = {2017},
	note = {Publisher: Ubiquity Press},
	file = {Full Text:C\:\\Users\\Admin\\Zotero\\storage\\6IUL5J6V\\irsp.82.html:text/html},
}

@article{mills_quantitative_2010,
	title = {Quantitative methodology research: {Is} it on psychologists’ reading lists?},
	shorttitle = {Quantitative methodology research},
	author = {Mills, Laura and Abdulla, Eva and Cribbie, Robert},
	year = {2010},
	note = {Publisher: Université d'Ottawa},
	file = {Full Text:C\:\\Users\\Admin\\Zotero\\storage\\7RW8TPBC\\Mills et al. - 2010 - Quantitative methodology research Is it on psycho.pdf:application/pdf;Snapshot:C\:\\Users\\Admin\\Zotero\\storage\\SED4SYMZ\\34597.html:text/html},
}

@book{howitt_understanding_2017,
	title = {Understanding statistics in psychology with {SPSS}},
	publisher = {Pearson London, UK:},
	author = {Howitt, Dennis and Cramer, Duncan},
	year = {2017},
}

@book{everitt_statistics_2001,
	title = {Statistics for psychologists: {An} intermediate course},
	shorttitle = {Statistics for psychologists},
	publisher = {Psychology Press},
	author = {Everitt, Brian S.},
	year = {2001},
	file = {Snapshot:C\:\\Users\\Admin\\Zotero\\storage\\92ZP8DES\\books.html:text/html},
}

@book{haslam_research_2014,
	title = {Research methods and statistics in psychology},
	publisher = {Sage},
	author = {Haslam, S. Alexander and McGarty, Craig},
	year = {2014},
	file = {Snapshot:C\:\\Users\\Admin\\Zotero\\storage\\BJXNZQJC\\books.html:text/html},
}

@book{howitt_introduction_2007,
	title = {Introduction to statistics in psychology},
	publisher = {Pearson education},
	author = {Howitt, Dennis and Cramer, Duncan},
	year = {2007},
	file = {Snapshot:C\:\\Users\\Admin\\Zotero\\storage\\UC4AAYI3\\books.html:text/html},
}
