
@article{lakens_equivalence_2020,
	title = {Equivalence testing and the second generation P-value},
	volume = {4},
	journaltitle = {Meta-Psychology},
	author = {Lakens, DaniÃ«l and Delacre, Marie},
	date = {2020},
	file = {Full Text:C\:\\Users\\mdelacre\\Zotero\\storage\\VF5SBKGK\\Lakens et Delacre - 2020 - Equivalence testing and the second generation P-va.pdf:application/pdf;Snapshot:C\:\\Users\\mdelacre\\Zotero\\storage\\K5QJ7C6L\\933.html:text/html},
}