
@article{barfar_cognitive_2019,
	title = {Cognitive and affective responses to political disinformation in Facebook},
	volume = {101},
	pages = {173--179},
	journaltitle = {Computers in Human Behavior},
	author = {Barfar, Arash},
	date = {2019},
	note = {Publisher: Elsevier},
	file = {Full Text:C\:\\Users\\mdelacre\\Zotero\\storage\\SMVRG2SZ\\S0747563219302699.html:text/html},
}

@article{bem_feeling_2011,
	title = {Feeling the future: experimental evidence for anomalous retroactive influences on cognition and affect.},
	volume = {100},
	shorttitle = {Feeling the future},
	pages = {407},
	number = {3},
	journaltitle = {Journal of personality and social psychology},
	author = {Bem, Daryl J.},
	date = {2011},
	note = {Publisher: American Psychological Association},
	file = {Full Text:C\:\\Users\\mdelacre\\Zotero\\storage\\6P4BX26L\\Bem - 2011 - Feeling the future experimental evidence for anom.pdf:application/pdf;Snapshot:C\:\\Users\\mdelacre\\Zotero\\storage\\S9AU3J6I\\2011-01894-001.html:text/html},
}