@article{barfar_cognitive_2019,
	title = {Cognitive and affective responses to political disinformation in Facebook},
	volume = {101},
	pages = {173-179},
	journaltitle = {Computers in Human Behavior},
	author = {Barfar, Arash},
	date = {2019},
	note = {Publisher: Elsevier},
  doi = {10.1016/j.chb.2019.07.026}
}