@article{AERA_2006,
  title = {Standards for reporting on empirical social science research in AERA publications},
  doi = {10.3102/0013189X035006033},
  language = {en},
  author = {{{A}merican {E}ducational {R}esearch {A}ssociation}},
  journal = {{E}ducational {R}esearcher},
  volume = {35}, 
  number = {},
  year = {2006},
  pages = {33–40},
}

@article{Algina_et_al_2006,
  title = {Confidence Intervals for an effect size when variances are not equal},
  doi = {10.22237/jmasm/1146456060},
  language = {en},
  author = {Algina, J. and Keselman, H.J. and Penfield, R.D.},
  journal = {Journal of Modern Applied Statistical Methods},
  volume = {5}, 
  number = {1},
  year = {2006},
  pages = {1-13},
}

@article{Altman_2005,
  title = {Why we need confidence intervals},
  doi = {10.1007/s00268-005-7911-0},
  language = {en},
  author = {Altman, G.D.},
  journal = {{W}orld {J}ournal of {S}urgery},
  volume = {29}, 
  number = {},
  year = {2005},
  pages = {554-556},
}

@article{Andersen_et_al_2007,
  title = {But what do the numbers really tell us? Arbitrary metrics and effect size reporting in sport psychology research},
  doi = {},
  language = {en},
  author = {Andersen, M.B and McCullagh, P. and Wilson, G.J.},
  journal = {Journal of Sport & Exercise Psychology},
  volume = {29}, 
  number = {},
  year = {2007},
  pages = {664-672},
}

@article{Bothe_Richardson_2011,
  title = {Statistical, Practical, Clinical, and Personal Significance: Definitions and Applications in Speech-Language Pathology},
  doi = {},
  language = {en},
  author = {Bothe, A.K. and Richardson, J.D.},
  journal = {{A}merican {J}ournal of {S}peech-{L}anguage {P}athology},
  volume = {20}, 
  number = {},
  year = {2011},
  pages = {233-242},
}

@article{Cain_et_al_2017,
  title = {Univariate and multivariate skewness and kurtosis for measuring nonnormality: Prevalence, influence and estimation},
  doi = {10.3758/s13428-016-0814-1},
  language = {en},
  author = { Cain, M. K. and Zhang, Z. and Yuan, Ke-Hai},
  journal = { Behavior Research Methods },
  volume = {49},
  number = {5},
  year = {2017},
  pages = {1716-1735},
}

@article{Cumming_Finch_2001,
  title = {A primer on the understanding, use, and calculation of confidence intervals that are based on central and noncentral distributions},
  doi = {},
  language = {en},
  author = {Cumming, G. and Finch,S.},
  journal = {{E}ducational and {P}sychological {M}easurement},
  volume = {61}, 
  number = {4},
  year = {2001},
  pages = {532-574},
}

@article{Cumming_2013,
  title = {Cohen's d needs to be readily interpretable: Comment on {S}hieh (2013)},
  doi = {10.3758/s13428-013-0392-4},
  language = {en},
  author = {Cumming, G.},
  journal = {{B}ehavior {R}esearch {M}ethods},
  volume = {45}, 
  number = {},
  year = {2013},
  pages = {968-971},
}

@article{Delacre_et_al_2017,
  title = {Why Psychologists Should by Default Use {W}elch's \emph{t}-test Instead of {S}tudent's \emph{t}-test},
  doi = {10.5334/irsp.82},
  language = {en},
  author = {Delacre, M. and Lakens, D. and Leys, C.},
  journal = { International Review of Social Psychology },
  volume = {30},
  number = {1},
  year = {2017},
  pages = {92-101},
}

@article{Delacre_et_al_2019,
  title = {Taking Parametric Assumptions Seriously: Arguments for the Use of {W}elch’s {F}-test instead of the Classical {F}-test in One-Way {ANOVA}},
  doi = {http://doi.org/10.5334/irsp.198},
  language = {en},
  author = {Delacre, M. and Leys, C. and Mora, Youri L. and Lakens, D. },
  journal = {International Review of Social Psychology},
  volume = {32},
  number = {1},
  year = {2019},
  pages = {1-12},
}

@article{Erceg-Hurn_Mirosevich_2008,
  title = {Modern robust statistical methods: An easy way to maximize the accuracy and power of your research},
  doi = {10.1037/0003-066X.63.7.591},
  language = {en},
  author = {Erceg-Hurn, David M. and Mirosevich, Vikki M.},
  journal = {American Psychologist},
  volume = {63},
  number = {7},
  year = {2008},
  pages = {591-601},
}

@article{Fan_2001,
  title = {Statistical Significance and Effect size in Education Research: two sides of a coin},
  doi = {10.1080/00220670109598763},
  language = {en},
  author = {Fan, X.},
  journal = {{J}ournal of {E}ducational {R}esearch},
  volume = {94}, 
  number = {5},
  year = {2001},
  pages = {275-282},
}

@article{Glass_et_al_1972,
  title = {Consequences of failure to meet assumptions underlying the fixed effects analyses of variance and covariance},
  doi={10.3102/00346543042003237}, 
  language = {en},
  author = {Glass, G. V. and Peckham, P. D. and Sanders, J. R.},
  journal = {Review of Educational Research},
  volume = {42},
  number = {3},  
  year = {1972},
  pages = {237-288},
}

@article{Grissom_2000,
  title = {Heterogeneity of variance in clinical data},
  doi = {10.1037//0022-006x.68.1.155},
  language = {en},
  author = {Grissom, R.J.},
  journal = {Journal of consulting and clinical psychology},
  volume = {68},
  number = {1},
  year = {2000},
  pages = {155-165},
}

@article{Grissom_Kim_2001,
  title = {Review of assumptions and problems in the appropriate conceptualization of effect size},
  doi = {10.1037/1082-989X.6.2.135},
  language = {en},
  author = {Grissom, R.J. and Kim, J.J.},
  journal = {Psychological Methods},
  volume = {6},
  number = {2},
  year = {2001},
  pages = {135-146},
}

@article{Hedges_1981,
  title = {Distribution Theory for Glass's Estimator of Effect Size and Related Estimators},
  doi = {},
  language = {en},
  author = {Hedges, L.V.},
  journal = {{J}ournal of {E}ducational {S}tatistics},
  volume = {6}, 
  number = {2},
  year = {1981},
  pages = {107-128},
}

@article{Henson_Smith_2000,
  title = {{S}tate of the art in statistical significance and effect size reporting: {A} review of the {APA} task force report and current trends},
  doi = {},
  language = {en},
  author = {Henson, R.I. and Smith, A.D.},
  journal = {{J}ournal of {R}esearch and {D}evelopment in {E}ducation},
  volume = {33}, 
  number = {4},
  year = {2000},
  pages = {285-296},
}

@booklet{Huynh_1989,
author = {Huynh, C-L},
address = {San Francisco},
title = {A Unified Approach to the Estimation of Effect Size in Meta-Analysis},
howpublished= {Paper presented at the {A}nnual {M}eeting of the {A}merican {E}ducational {R}esearch {A}ssociation},
year = {1989}
}

@article{Jazaieri_et_al_2013,
  title = {Enhancing compassion: A randomized controlled trial of a compassion cultivation training program},
  doi = {},
  language = {en},
  author = {Jazaieri, H. and Jinpa, G. T. and McGonigal, K. and Rosenberg, E. L. and Finkelstein, J. and Simon-Thomas, E. and Cullen, M. and Doty, J.R. and Gross, J.J. and Goldin, P.R. },
  journal = {Journal of Happiness Studies},
  volume = {14}, 
  number = {4},
  year = {2013},
  pages = {},
}

@article{Kelley_2005,
  title = {The Effects of Nonnormal Distributions on Confidence Intervals Around the Standardized Mean Difference: Bootstrap and Parametric Confidence Intervals},
  doi = {10.1177/0013164404264850},
  language = {en},
  author = {Kelley,K.},
  journal = {{E}ducational and {P}sychological {M}easurement},
  volume = {65}, 
  number = {1},
  year = {2005},
  pages = {51-69},
}

@article{Keselman_et_al_2008,
  title = {A Generally Robust Approach for Testing Hypotheses and Setting Confidence Intervals for Effect Sizes},
  doi = {10.1037/1082-989X.13.2.110},
  language = {en},
  author = {Keselman, H.J. and Algina, J. and Lix, L.M. and Deering, K.N. and Wilcox, R.R.},
  journal = {Psychological Methods},
  volume = {13}, 
  number = {2},
  year = {2008},
  pages = {110-129},
}

@article{Kirk_2009,
  title = {Practical Significance: A Concept Whose Time Has Come},
  doi = {10.1177/0013164496056005002 },
  language = {en},
  author = {Kirk, R.E.},
  journal = {{E}ducational and {P}sychological {M}easurement},
  volume = {56}, 
  number = {5},
  year = {2009},
  pages = {746-759},
}

@article{Kostou_et_al_2016,
  title = {Self-Compassion Scale (SCS): Psychometric properties of the French translation and its relations with psychological well-being, affect and depression},
  doi = {10.1371/journal.pone.0152880},
  language = {en},
  author = {Kotsou, I. and Leys, C.},
  journal = {{P}loS {o}ne},
  volume = {11}, 
  number = {4},
  year = {2016},
  pages = {},
}

@article{Kulinskaya_Staudte_2007,
  title = {Confidence intervals for the standardized effect arising in the comparison of two normal populations},
  doi = {10.1002/sim.2751},
  language = {en},
  author = {Kulinskaya, E. and Staudte, R.G.},
  journal = {{S}tatistics in {M}edicine},
  volume = {26}, 
  year = {2007},
  pages = {2853-2871},
}

Kulinskaya, E. & Staudte, R. G. (2007). Confidence intervals for the standardized effect arising in the comparison of two normal populations. Statistics in Medicine, 26(14), 2853-71. DOI: 10.1002/sim.2751 



@article{Lakens_2013,
  title = {Calculating and reporting effect sizes to facilitate cumulative science: a practical primer for t-tests and {ANOVA}s},
  doi = {10.3389/fpsyg.2013.00863},
  language = {en},
  author = {Lakens, D.},
  journal = {frontiers in Psychology},
  volume = {4}, 
  number = {863},
  year = {2013},
  pages = {1-12},
}

@article{Li_2016,
  title = {Effect size measures in a two-independent-samples case with nonnormal and nonhomogeneous data},
  doi = {10.3758/s13428-015-0667-z},
  language = {en},
  author = {Li, J.},
  journal = {{B}ehavior {R}esearch {M}ethods},
  volume = {48}, 
  number = {4},
  year = {2016},
  pages = {1560–1574},
}

@article{McBride_et_al_1993,
  title = {What Do Significance Tests Really Tell Us About the Environment? },
  doi = {},
  language = {en},
  author = {McBride, G.B. and Loftis, J.C. and Adkins, N.C.},
  journal = {{E}nvironmental {M}anagement},
  volume = {17}, 
  number = {4},
  year = {1993},
  pages = {423-432},
}

@article{Meehl_1990,
  title = {{A}ppraising and amending theories: {T}he Strategy of {L}akatosian defense and two principles that warrant it},
  doi = {},
  language = {en},
  author = {Meehl, P.E.},
  journal = {{P}sychological {I}nquiry},
  volume = {1}, 
  number = {2},
  year = {1990},
  pages = {108-141},
}

@article{Micceri_1989,
  title = {The Unicorn, The Normal Curve, and  Other Improbable Creatures},
  doi={10.1037/0033-2909.105.1.156},
  language = {en},
  author = {Micceri, Theodore},
  journal = {Psychological Bulletin},
  volume = {105},
  number = {1},
  year = {1989},
  pages = {156-166},
}

@article{Nakagawa_and_Cuthill_2007,
  title = {Effect size, confidence interval and statistical significance: a practical guide for biologists},
  doi={10.1111/j.1469-185X.2007.00027.x},
  language = {en},
  author = {Nakagawa, S. and Cuthill, I.C.},
  journal = {Biological Reviews},
  volume = {82},
  number = {},
  year = {2007},
  pages = {591-605},
}

@article{Neff_2003,
  title = {The development and validation of a scale to measure self-compassion},
  doi = {10.1080/15298860309027},
  language = {en},
  author = {Neff, K.D.},
  journal = {Self and identity},
  volume = {2}, 
  number = {3},
  year = {2003},
  pages = {223-250},
} 

@article{Olejnik_Algina_2000,
  title = {Measures of Effect Size for Comparative Studies: Applications, Interpretations, and Limitations},
  doi = {10.1006/ceps.2000.1040},
  language = {en},
  author = {Olejnik, S. and Algina, J.},
  journal = {{C}ontemporary {E}ducational {P}sychology},
  volume = {25}, 
  number = {},
  year = {2000},
  pages = {241-286},
}

@article{Pelletier_Cousineau_2018,
  title = {{A} review of effect sizes and their confidence intervals, {P}art {I}: {T}he {C}ohen's d family},
  doi = {10.20982/tqmp.14.4.p242},
  language = {en},
  author = {Goulet-Pelletier, J-C. and Cousineau, D.},
  journal = {{T}he {Q}uantitative {M}ethods for {P}sychology},
  volume = {14}, 
  number = {4},
  year = {2018},
  pages = {242-265},
}

@article{Peng_et_al_2013,
  title = {{T}he {I}mpact of {APA} and {AERA} {G}uidelines on {E}ffect Size {R}eporting},
  doi = {10.1080/00220973.2012.745471},
  language = {en},
  author = {Peng, C-Y.J. and Chen, L-T and Chiang, H-M. and Chiang, Y-C.},
  journal = {{C}ontemporary {E}ducational {P}sychology},
  volume = {82}, 
  number = {1},
  year = {2013},
  pages = {22-50},
}

@article{Peng_and_Chen_2014,
  title = {Beyond {C}ohen’s d: Alternative Effect Size Measures for Between-Subject Designs},
  doi = {10.1080/00220973.2012.745471},
  language = {en},
  author = {Peng, C-Y.J. and Chen, L-T},
  journal = {The {J}ournal of {E}xperimental {E}ducation},
  volume = {82}, 
  number = {1},
  year = {2014},
  pages = {22–50},
}

@article{Prentice_Miller_1992,
  title = {When Small Effects Are Impressive},
  doi = {},
  language = {en},
  author = {Prentice,D.A. and Miller, D.T.},
  journal = {{P}sychological {B}ulletin},
  volume = {112}, 
  number = {1},
  year = {1990},
  pages = {160-164},
}

@article{Shieh_2013,
  title = {Confidence intervals and sample size calculations for the standardized mean difference effect size between two normal populations under heteroscedasticity},
  doi = {10.3758/s13428-012-0228-7},
  language = {en},
  author = {Shieh, G.},
  journal = {{B}ehavior {R}esearch {M}ethods},
  volume = {45}, 
  year = {2013},
  pages = {955-967},
}

@article{Steyn_2000,
  title = {Practical significance of the difference in means},
  doi = {},
  language = {en},
  author = {Steyn, H.S.},
  journal = {{J}ournal of {I}ndustrial {P}sychology},
  volume = {26}, 
  number = {3},
  year = {2000},
  pages = {1-3},
}

@article{Stout_Ruble_1995,
  title = {Assessing the practical signficance of empirical results in accounting education research: the use of effect size information},
  doi = {},
  language = {en},
  author = {Stout, D.D. and Ruble, T.L.},
  journal = {{J}ournal of {A}ccounting {E}ducation},
  volume = {13}, 
  number = {3},
  year = {1995},
  pages = {281-298},
}

@article{Sullivan_Feinn_2012,
  title = {Using Effect Size—or Why the P Value Is Not Enough},
  doi = {10.4300/JGME-D-12-00156.1},
  language = {en},
  author = {Sullivan,G.M. and Feinn, R.},
  journal = {{J}ournal of {G}raduate {M}edical {E}ducation},
  volume = {}, 
  number = {},
  year = {2012},
  pages = {279-282},
}

@article{Thompson_2002,
  title = {"{S}tatistical","{P}ractical", and "{C}linical": {H}ow {M}any {K}inds of {S}ignificance {D}o {C}ounselors {N}eed to {C}onsider?},
  language = {en},
  author = {Thompson, B.},
  journal = {{J}ournal of {C}ounseling & {D}evelopment},
  volume = {80}, 
  year = {2002},
  pages = {64-71},
}

@article{Tyler_1931,
  title = {{W}hat is {S}tatistical {S}ignificance?},
  language = {en},
  author = {Tyler, R.W.},
  journal = {{E}ducational {R}esearch {B}ulletin},
  volume = {X},
  number = {5},
  year = {1931},
  pages = {115-142},
}

@article{Welch_1938,
  title = {The significance of the difference between two means when the population variances are unequal},
  language = {en},
  author = {Welch, B.L.},
  journal = {{B}iometrika},
  volume = {29}, 
  year = {1938},
  pages = {350-362},
}

@article{Wilcox_and_tian_2011,
  title = {Measuring effect size: a robust heteroscedastic approach for two or more groups},
  doi = {10.1080/02664763.2010.498507},
  language = {en},
  author = {Wilcox, R.R. and Tian, T.S.},
  journal = {{J}ournal of {A}pplied {S}tatistics},
  volume = {38}, 
  number = {7},
  year = {2011},
  pages = {1359-1368},
}

@article{Wilkinson_1999,
  title = {Statistical Methods in Psychology Journals: Guidelines and Explanations},
  doi = {},
  language = {en},
  author = {Wilkinson, L. and {the {T}ask {F}orce on {S}tatistical {I}nference}},
  journal = {American Psychologist},
  volume = {54}, 
  number = {8},
  year = {1999},
  pages = {594-604},
}

@article{Yuan_et_al_2004,
  title = { Structural equation modeling with heavy tailed distributions },
  doi = {10.1007/bf02295644},
  language = {en},
  author = { Yuan, K-H. and Bentler, P. M. and Chan, W.},
  journal = { Psychometrika },
  volume = {69},
  number = {3},
  year = {2004},
  pages = {421-436},
}

@incollection{Cohen_1965,
  address = {New York: McGraw-Hill},
  edition = {B. B. Wolman},
  title = {Some statistical issues in psychological research},
  booktitle = {Handbook of {C}linical {P}sychology},
  author = {Cohen, J.},
  year = {1965},
  pages = {95-121}
}

@book{APA_2010,
  address = {Washington, DC},
  edition = {American Psychological Association},
  title = {Publication manual of the {A}merican {P}sychological
{A}ssociation [APA] (6 Ed.)},
  author = {{{A}merican {P}sychological {A}ssociation}},
  year = {2010}
}

@book{Cohen_1988,
  address = {New York, NY},
  edition = {Routledge Academic},
  title = {Statistical Power Analysis for the Behavioral Sciences},
  author = {Cohen, J.},
  year = {1988}
}

@book{Ellis_2015,
  address = {Cambridge, UK},
  edition = {Cambridge University Press},
  title = {{T}he {E}ssential {G}uide to {E}ffect {S}izes: {S}tatistical {P}ower, {M}eta-{A}nalysis, and the {I}nterpretation of {R}esearch {R}esults},
  author = {Ellis, P.D},
  year = {2015}
}

@book{Glass_et_al_1981,
  address = {Beverly Hills, CA},
  edition = {Sage},
  title = {Meta-analysis in {S}ocial {R}esearch},
  author = {Glass, G.V. and McGav, B. and Smith, M.L.},
  year = {2005}
}

@book{Grissom_and_kim_2005,
  address = {London},
  edition = {Lawrence Erlbaum Associates, Mahwah, N.J.},
  title = {Effect size for research: a broad practical approach.},
  author = {Grissom, R.J., and Kim, J.J.},
  year = {2005}
}

@book{Hays_1963,
  address = {New York},
  edition = {Holt, Rinehart & Winston},
  title = {Statistics for psychologists},
  author = {Hays, W.L.},
  year = {1963}
}

@book{Hedges_Olkin_1985,
  title = {Statistical {M}ethods for {M}eta-Analysis},
  doi = {10.1016/C2009-0-03396-0},
  language = {en},
  author = {Hedges, L. V. and Olkin, I.},
  address = {Cambridge, Massachusetts},
  edition = {Academic Press},
  year = {1985}
}

@incollection{Rosenthal_1994,
  author      = {Rosenthal, R.},
  title       = {Parametric measures of effect size},
  editor      = {H. Cooper and L. V. Hedges},
  booktitle   = {The hand-book of research synthesis},
  publisher   = {Sage},
  address     = {New-York},
  year        = {1994},
  pages       = {231-244}
}

@book{Grissom_and_Kim_2012,
  address = {{N}ew {Y}ork, {NY}},
  edition = {{R}outledges},
  title = {Effect Size for Research},
  author = {Grissom, R.J. and Kim, J.J.},
  year = {2012}
}

@book{Wackerly_et_al_2008,
  address = {Belmont, {USA}},
  edition = {{B}rooks/{C}ole, {C}engage {L}earning},
  title = {Mathematical {S}tatistics with {A}pplications (7th Edition)},
  author = {Wackerly, D.D. and Mendenhall, W. and Scheaffer, R.L.},
  year = {2008}
}

@online{Raviv,
  author = {Raviv, E.},
  title = {Bias vs. Consistency},
  year = 2014,
  url = {https://eranraviv.com/bias-vs-consistency/},
  urldate = {2020-03-25}
}

@unpublished{Coe_2002,
title= {It's the Effect Size, Stupid. What effect size is and why it is important},
author = {Coe, R.},
year = {2002},
note= {Annual Conference of the British Educational Research Association},
URL= {https://www.leeds.ac.uk/educol/documents/00002182.htm},
}

@unpublished{Olejnik_Hess_2001,
title= {Revisiting the efficacy of Glass’s estimator of effect size for program impact analysis},
author = {Olejnik, S. and Hess, B.},
year = {2001},
note= {Annual Meeting of the American Educational Research Association},
URL= {https://eric.ed.gov/?id=ED452210},
}